%% This BibTeX bibliography file was created using BibDesk.
%% http://bibdesk.sourceforge.net/

%% Created for Fabian-Robert St√∂ter at 2017-05-12 21:40:18 +0200

@STRING{aa = {Applied Acoustics}}

@STRING{aes = {Proc. Audio Eng. Soc. Convention}}

@STRING{aescaas = {Proc. {AES} Intl. Conf. on Audio, Acoustics \& Small Spaces}}

@STRING{asha = {Proc. American Speech-Language-Hearing Association Convention}}

@STRING{asilomar = {Proc. Asilomar Conf. on Signals, Systems and Computers}}

@STRING{at = {Annales des T{\'{e}}l{\'{e}}communications}}

@STRING{audiology = {Audiology}}

@STRING{autom = {Automatica}}

@STRING{canece = {Canadian Conf. on Electrical and Computer Engineering}}

@STRING{caracas = {Proc. Intl. Caracas Conf. on Devices, Circuits and Systems}}

@STRING{ciss = {Conf. on Information Sciences and Systems ({CISS})}}

@STRING{clin_neuro = {Clinical Neurophysiology}}

@STRING{cmj = {Computer Music Journal}}

@STRING{dafx = {Proc. Conf. on Digital Audio Effects}}

@STRING{digiece = {Proc. Digest of Intl. Electrical and Electronics Conf. and Exposition}}

@STRING{el = {Electronics Letters}}

@STRING{eurasip_j_adsp = {{EURASIP} Journal on Advances in Signal Processing}}

@STRING{eurasip_j_asp = {{EURASIP} Journal on Applied Signal Processing}}

@STRING{eurospeech = {Proc. European Conf. on Speech Communication and Technology}}

@STRING{eusipco = {Proc. European Signal Processing Conf. (EUSIPCO)}}

@STRING{folia_phon = {Folia Phoniatrica}}

@STRING{geophys = {Geophysics}}

@STRING{iacoust = {Proc. Institute of Acoustics}}

@STRING{ica = {Proc. ICA}}

@STRING{icassp = {Proc. {IEEE} Intl. Conf. on Acoustics, Speech and Signal Processing
	(ICASSP)}}

@STRING{icc = {Proc. Intl. Conf. Commun. ({ICC})}}

@STRING{icct = {Proc. Intl. Conf. on Communications Technology}}

@STRING{icet = {Proc. Intl. Conf. on Emerging Technologies}}

@STRING{icip = {Proc. Intl. Conf. Image Processing}}

@STRING{icisip = {Proc. Intl. Conf. on Intelligent Sensing and Information Processing}}

@STRING{icma = {Proc Intl Conf on Mechatronics and Automation ({ICMA})}}

@STRING{icme = {Proc. Intl. Conf. Multimedia and Expo ({ICME})}}

@STRING{icml = {Proc. Intl. Conf. Machine Learning ({ICML})}}

@STRING{icslp = {Proc. Intl. Conf. on Spoken Lang. Processing ({ICSLP})}}

@STRING{icsp = {Proc. Intl. Conf. on Signal Processing}}

@STRING{iee_el = {{IEE} Electronics Lett.}}

@STRING{ieee_ac = {{IEEE} Aerospace Conf.}}

@STRING{ieee_dsp = {Proc. {IEEE} Intl. Conf. Digital Signal Processing ({DSP})}}

@STRING{ieee_icspcc = {Proc. {IEEE} Intl Conf. Signal Processing, Communications and Computing
	({ICSPCC})}}

@STRING{ieee_j_ac = {{IEEE} Trans. Autom. Control}}

@STRING{ieee_j_advp = {{IEEE} Trans. Adv. Packag.}}

@STRING{ieee_j_aes = {{IEEE} Trans. Aerosp. Electron. Syst.}}

@STRING{ieee_j_aire = {{IEEE} Trans. Airborne Electron.}}

@STRING{ieee_j_ane = {{IEEE} Trans. Aerosp. Navig. Electron.}}

@STRING{ieee_j_anne = {{IEEE} Trans. Aeronaut. Navig. Electron.}}

@STRING{ieee_j_ap = {{IEEE} Trans. Antennas Propag.}}

@STRING{ieee_j_appind = {{IEEE} Trans. Appl. Ind.}}

@STRING{ieee_j_as = {{IEEE} Trans. Aerosp.}}

@STRING{ieee_j_asc = {{IEEE} Trans. Appl. Supercond.}}

@STRING{ieee_j_ase = {{IEEE} Trans. Autom. Sci. Eng.}}

@STRING{ieee_j_aslp = {{IEEE} Trans. Audio, Speech, Lang. Process.}}

@STRING{ieee_j_assp = {{IEEE} Trans. Acoust., Speech, Signal Process.}}

@STRING{ieee_j_au = {{IEEE} Trans. Audio}}

@STRING{ieee_j_auea = {{IEEE} Trans. Audio Electroacoust.}}

@STRING{ieee_j_awpl = {{IEEE} Antennas Wireless Propag. Lett.}}

@STRING{ieee_j_b-me = {{IEEE} Trans. Bio-Med. Eng.}}

@STRING{ieee_j_bc = {{IEEE} Trans. Broadcast.}}

@STRING{ieee_j_bme = {{IEEE} Trans. Biomed. Eng.}}

@STRING{ieee_j_bmelc = {{IEEE} Trans. Bio-Med. Electron.}}

@STRING{ieee_j_c = {{IEEE} Trans. Comput.}}

@STRING{ieee_j_cad = {{IEEE} Trans. Comput.-Aided Design Integr. Circuits Syst.}}

@STRING{ieee_j_cal = {{IEEE} Comput. Archit. Lett.}}

@STRING{ieee_j_capt = {{IEEE} Trans. Compon. Packag. Technol.}}

@STRING{ieee_j_capts = {{IEEE} Trans. Compon. Packag. Technol.}}

@STRING{ieee_j_cas = {{IEEE} Trans. Circuits Syst.}}

@STRING{ieee_j_casi = {{IEEE} Trans. Circuits Syst. {I}}}

@STRING{ieee_j_casi_rp = {{IEEE} Trans. Circuits Syst. {I}}}

@STRING{ieee_j_casii = {{IEEE} Trans. Circuits Syst. {II}}}

@STRING{ieee_j_casii_eb = {{IEEE} Trans. Circuits Syst. {II}}}

@STRING{ieee_j_casvt = {{IEEE} Trans. Circuits Syst. Video Technol.}}

@STRING{ieee_j_ce = {{IEEE} Trans. Consum. Electron.}}

@STRING{ieee_j_chmt = {{IEEE} Trans. Compon., Hybrids, Manuf. Technol.}}

@STRING{ieee_j_com = {{IEEE} Trans. Commun.}}

@STRING{ieee_j_coml = {{IEEE} Commun. Lett.}}

@STRING{ieee_j_comt = {{IEEE} Trans. Commun. Technol.}}

@STRING{ieee_j_cpart = {{IEEE} Trans. Compon. Parts}}

@STRING{ieee_j_cpmta = {{IEEE} Trans. Compon., Packag., Manuf. Technol. {A}}}

@STRING{ieee_j_cpmtb = {{IEEE} Trans. Compon., Packag., Manuf. Technol. {B}}}

@STRING{ieee_j_cpmtc = {{IEEE} Trans. Compon., Packag., Manuf. Technol. {C}}}

@STRING{ieee_j_cst = {{IEEE} Trans. Control Syst. Technol.}}

@STRING{ieee_j_ct = {{IEEE} Trans. Circuit Theory}}

@STRING{ieee_j_dei = {{IEEE} Trans. Dielectr. Electr. Insul.}}

@STRING{ieee_j_dmr = {{IEEE} Trans. Device Mater. Rel.}}

@STRING{ieee_j_ec = {{IEEE} Trans. Energy Convers.}}

@STRING{ieee_j_ecomp = {{IEEE} Trans. Electron. Comput.}}

@STRING{ieee_j_ed = {{IEEE} Trans. Electron Devices}}

@STRING{ieee_j_edl = {{IEEE} Electron Device Lett.}}

@STRING{ieee_j_edu = {{IEEE} Trans. Educ.}}

@STRING{ieee_j_ei = {{IEEE} Trans. Electr. Insul.}}

@STRING{ieee_j_em = {{IEEE} Trans. Eng. Manag.}}

@STRING{ieee_j_emc = {{IEEE} Trans. Electromagn. Compat.}}

@STRING{ieee_j_epm = {{IEEE} Trans. Electron. Packag. Manuf.}}

@STRING{ieee_j_essl = {{IEEE/ECS} Electrochem. Solid-State Lett.}}

@STRING{ieee_j_evc = {{IEEE} Trans. Evol. Comput.}}

@STRING{ieee_j_fuzz = {{IEEE} Trans. Fuzzy Syst.}}

@STRING{ieee_j_ge = {{IEEE} Trans. Geosci. Electron.}}

@STRING{ieee_j_grs = {{IEEE} Trans. Geosci. Remote Sens.}}

@STRING{ieee_j_grsl = {{IEEE} Geosci. Remote Sens. Lett.}}

@STRING{ieee_j_hfe = {{IEEE} Trans. Hum. Factors Electron.}}

@STRING{ieee_j_ia = {{IEEE} Trans. Ind. Appl.}}

@STRING{ieee_j_ie = {{IEEE} Trans. Ind. Electron.}}

@STRING{ieee_j_ieci = {{IEEE} Trans. Ind. Electron. Contr. Instrum.}}

@STRING{ieee_j_ifs = {{IEEE} Trans. Inf. Forensics Security}}

@STRING{ieee_j_iga = {{IEEE} Trans. Ind. Gen. Appl.}}

@STRING{ieee_j_iinf = {{IEEE} Trans. Ind. Informat.}}

@STRING{ieee_j_im = {{IEEE} Trans. Instrum. Meas.}}

@STRING{ieee_j_ip = {{IEEE} Trans. Image Process.}}

@STRING{ieee_j_it = {{IEEE} Trans. Inf. Theory}}

@STRING{ieee_j_itbm = {{IEEE} Trans. Inf. Technol. Biomed.}}

@STRING{ieee_j_its = {{IEEE} Trans. Intell. Transp. Syst.}}

@STRING{ieee_j_jdt = {{IEEE/OSA} J. Display Technol.}}

@STRING{ieee_j_jem = {{IEEE/TMS} J. Electron. Mater.}}

@STRING{ieee_j_jlt = {J. Lightw. Technol.}}

@STRING{ieee_j_jqe = {{IEEE} J. Quantum Electron.}}

@STRING{ieee_j_jra = {{IEEE} J. Robot. Autom.}}

@STRING{ieee_j_jsac = {{IEEE} J. Sel. Areas Commun.}}

@STRING{ieee_j_jssc = {{IEEE} J. Solid-State Circuits}}

@STRING{ieee_j_jstqe = {{IEEE} J. Sel. Topics Quantum Electron.}}

@STRING{ieee_j_kde = {{IEEE} Trans. Knowl. Data Eng.}}

@STRING{ieee_j_mag = {{IEEE} Trans. Magn.}}

@STRING{ieee_j_mc = {{IEEE} Trans. Mobile Comput.}}

@STRING{ieee_j_me = {{IEEE} Trans. Med. Electron.}}

@STRING{ieee_j_mech = {{IEEE/ASME} Trans. Mechatronics}}

@STRING{ieee_j_mems = {J. Microelectromech. Syst.}}

@STRING{ieee_j_mft = {{IEEE} Trans. Manuf. Technol.}}

@STRING{ieee_j_mgwl = {{IEEE} Microw. Guided Wave Lett.}}

@STRING{ieee_j_mi = {{IEEE} Trans. Med. Imag.}}

@STRING{ieee_j_mil = {{IEEE} Trans. Mil. Electron.}}

@STRING{ieee_j_mm = {{IEEE} Trans. Multimedia}}

@STRING{ieee_j_mms = {{IEEE} Trans. Man-Mach. Syst.}}

@STRING{ieee_j_mtt = {{IEEE} Trans. Microw. Theory Tech.}}

@STRING{ieee_j_mwcl = {{IEEE} Microw. Wireless Compon. Lett.}}

@STRING{ieee_j_nano = {{IEEE} Trans. Nanotechnol.}}

@STRING{ieee_j_nb = {{IEEE} Trans. Nanobiosci.}}

@STRING{ieee_j_net = {{IEEE/ACM} Trans. Netw.}}

@STRING{ieee_j_nn = {{IEEE} Trans. Neural Netw.}}

@STRING{ieee_j_ns = {{IEEE} Trans. Nucl. Sci.}}

@STRING{ieee_j_nsre = {{IEEE} Trans. Neural Syst. Rehabil. Eng.}}

@STRING{ieee_j_oe = {{IEEE} J. Ocean. Eng.}}

@STRING{ieee_j_pami = {{IEEE} Trans. Pattern Anal. Mach. Intell.}}

@STRING{ieee_j_pc = {{IEEE} Trans. Prof. Commun.}}

@STRING{ieee_j_pds = {{IEEE} Trans. Parallel Distrib. Syst.}}

@STRING{ieee_j_pel = {{IEEE} Power Electron. Lett.}}

@STRING{ieee_j_php = {{IEEE} Trans. Parts, Hybrids, Packag.}}

@STRING{ieee_j_pmp = {{IEEE} Trans. Parts, Mater., Packag.}}

@STRING{ieee_j_proc = {Proc. {IEEE}}}

@STRING{ieee_j_ps = {{IEEE} Trans. Plasma Sci.}}

@STRING{ieee_j_pse = {{IEEE} J. Product Safety Eng.}}

@STRING{ieee_j_ptl = {{IEEE} Photon. Technol. Lett.}}

@STRING{ieee_j_pwras = {{IEEE} Trans. Power App. Syst.}}

@STRING{ieee_j_pwrd = {{IEEE} Trans. Power Del.}}

@STRING{ieee_j_pwre = {{IEEE} Trans. Power Electron.}}

@STRING{ieee_j_pwrs = {{IEEE} Trans. Power Syst.}}

@STRING{ieee_j_r = {{IEEE} Trans. Rel.}}

@STRING{ieee_j_ra = {{IEEE} Trans. Robot. Autom.}}

@STRING{ieee_j_re = {{IEEE} Trans. Rehabil. Eng.}}

@STRING{ieee_j_rfi = {{IEEE} Trans. Radio Freq. Interference}}

@STRING{ieee_j_ro = {{IEEE} Trans. Robot.}}

@STRING{ieee_j_sap = {{IEEE} Trans. Speech Audio Process.}}

@STRING{ieee_j_se = {{IEEE} Trans. Softw. Eng.}}

@STRING{ieee_j_sensor = {{IEEE} Sensors J.}}

@STRING{ieee_j_sm = {{IEEE} Trans. Semicond. Manuf.}}

@STRING{ieee_j_smc = {{IEEE} Trans. Syst., Man, Cybern.}}

@STRING{ieee_j_smca = {{IEEE} Trans. Syst., Man, Cybern. {A}}}

@STRING{ieee_j_smcb = {{IEEE} Trans. Syst., Man, Cybern. {B}}}

@STRING{ieee_j_smcc = {{IEEE} Trans. Syst., Man, Cybern. {C}}}

@STRING{ieee_j_sp = {{IEEE} Trans. Signal Process.}}

@STRING{ieee_j_spl = {{IEEE} Signal Process. Lett.}}

@STRING{ieee_j_ssc = {{IEEE} Trans. Syst. Sci. Cybern.}}

@STRING{ieee_j_su = {{IEEE} Trans. Sonics Ultrason.}}

@STRING{ieee_j_tcad = {{IEEE} J. Technol. Comput. Aided Design}}

@STRING{ieee_j_tjmj = {{IEEE} Transl. J. Magn. Jpn.}}

@STRING{ieee_j_ue = {{IEEE} Trans. Ultrason. Eng.}}

@STRING{ieee_j_uffc = {{IEEE} Trans. Ultrason., Ferroelectr., Freq. Control}}

@STRING{ieee_j_vc = {{IEEE} Trans. Veh. Commun.}}

@STRING{ieee_j_vcg = {{IEEE} Trans. Vis. Comput. Graphics}}

@STRING{ieee_j_vlsi = {{IEEE} Trans. {VLSI} Syst.}}

@STRING{ieee_j_vt = {{IEEE} Trans. Veh. Technol.}}

@STRING{ieee_j_wcom = {{IEEE} Trans. Wireless Commun.}}

@STRING{ieee_m_aes = {{IEEE} Aerosp. Electron. Syst. Mag.}}

@STRING{ieee_m_ap = {{IEEE} Antennas Propag. Mag.}}

@STRING{ieee_m_assp = {{IEEE} {ASSP} Mag.}}

@STRING{ieee_m_c = {{IEEE} Computer}}

@STRING{ieee_m_cap = {{IEEE} Comput. Appl. Power}}

@STRING{ieee_m_cas = {{IEEE} Circuits Syst. Mag.}}

@STRING{ieee_m_cd = {{IEEE} Circuits Devices Mag.}}

@STRING{ieee_m_cga = {{IEEE} Comput. Graph. Appl.}}

@STRING{ieee_m_cim = {{IEEE} Comput. Intell. Mag.}}

@STRING{ieee_m_com = {{IEEE} Commun. Mag.}}

@STRING{ieee_m_comsoc = {{IEEE} Commun. Soc. Mag.}}

@STRING{ieee_m_conc = {{IEEE} Concurrency}}

@STRING{ieee_m_cs = {{IEEE} Control Syst. Mag.}}

@STRING{ieee_m_cse = {{IEEE} Comput. Sci. Eng.}}

@STRING{ieee_m_csem = {{IEEE} Comput. Sci. Eng. Mag.}}

@STRING{ieee_m_dtc = {{IEEE} Des. Test. Comput.}}

@STRING{ieee_m_ei = {{IEEE} Electr. Insul. Mag.}}

@STRING{ieee_m_emb = {{IEEE} Eng. Med. Biol. Mag.}}

@STRING{ieee_m_emr = {{IEEE} Eng. Manag. Rev.}}

@STRING{ieee_m_etr = {{IEEE} ElectroTechnol. Rev.}}

@STRING{ieee_m_exp = {{IEEE} Expert}}

@STRING{ieee_m_hist = {{IEEE} Ann. Hist. Comput.}}

@STRING{ieee_m_ia = {{IEEE} Ind. Appl. Mag.}}

@STRING{ieee_m_ic = {{IEEE} Internet Comput.}}

@STRING{ieee_m_im = {{IEEE} Instrum. Meas. Mag.}}

@STRING{ieee_m_is = {{IEEE} Intell. Syst.}}

@STRING{ieee_m_itp = {{IEEE} {IT} Prof.}}

@STRING{ieee_m_micro = {{IEEE} Micro}}

@STRING{ieee_m_mm = {{IEEE} Multimedia}}

@STRING{ieee_m_mw = {{IEEE} Microw. Mag.}}

@STRING{ieee_m_net = {{IEEE} Netw.}}

@STRING{ieee_m_pcom = {{IEEE} Personal Commun. Mag.}}

@STRING{ieee_m_pe = {{IEEE} Power Energy Mag.}}

@STRING{ieee_m_per = {{IEEE} Power Eng. Rev.}}

@STRING{ieee_m_pot = {{IEEE} Potentials}}

@STRING{ieee_m_pvc = {{IEEE} Pervasive Comput.}}

@STRING{ieee_m_ra = {{IEEE} Robot. Autom. Mag.}}

@STRING{ieee_m_s = {{IEEE} Softw.}}

@STRING{ieee_m_sap = {{IEEE} Security Privacy}}

@STRING{ieee_m_sp = {{IEEE} Signal Process. Mag.}}

@STRING{ieee_m_spect = {{IEEE} Spectr.}}

@STRING{ieee_m_today = {Today's Engineer}}

@STRING{ieee_m_ts = {{IEEE} Technol. Soc. Mag.}}

@STRING{ieee_m_vt = {{IEEE} Veh. Technol. Mag.}}

@STRING{ieee_m_wc = {{IEEE} Wireless Commun. Mag.}}

@STRING{ieee_o_csto = {{IEEE} Commun. Surveys Tuts.}}

@STRING{ieee_spwhos = {{IEEE} Signal Processing Workshop on Higher-Order Statistics ({SPW-HOS})}}

@STRING{ieee_ssap = {Proc. {IEEE} Signal Process. Workshop on Statistical Signal and Array
	Process. (SSAP)}}

@STRING{ieeeacm_j_aslp = {{IEEE/ACM} Trans. Audio, Speech, Lang. Process.}}

@STRING{ieeei = {Proc. {IEEE} Convention of Electrical \& Electronics Engineers in
	Israel (IEEEI)}}

@STRING{indicon = {Proc. {IEEE} {INDICON}}}

@STRING{interspeech = {Proc. Interspeech Conf.}}

@STRING{ire = {{IRE} Transactions on Information Theory}}

@STRING{iscas = {Proc. Intl. Symp. on Circuits and Systems}}

@STRING{isccsp = {Proc. Intl. Symp. on Control, Commmunications and Signal Processing}}

@STRING{isicabss = {Proc. Intl. Symp. on Independent Component Analysis and Blind Signal
	Separation}}

@STRING{ism = {Proc. {IEEE} Intl. Symposium on Multimedia ({ISM})}}

@STRING{ismir = {Proceedings of the International Society for Music Information Retrieval Conference ({ISMIR})}}

@STRING{isspa = {Proc. Intl. Symposium on Signal Processing and its Applications (ISSPA)}}

@STRING{isspit = {Proc. Intl. Symposium on Signal Processing and Information Technology
	(ISSPIT)}}

@STRING{its = {Proc. Intl. Telecommunications Symposium ({ITS})}}

@STRING{iwaenc = {Proc. Intl. Workshop Acoust. Signal Enhancement ({IWAENC})}}

@STRING{iwaenc_pre_2012 = {Proc. Intl. Workshop Acoust. Echo Noise Control ({IWAENC})}}

@STRING{iwase = {Proc. Intl. Workshop Acoust. Signal Enhancement ({IWAENC})}}

@STRING{iwssp = {Proc. {IEEE} Workshop Statistical Signal Processing}}

@STRING{j_aes = {Journal Audio Eng. Soc.}}

@STRING{j_aesj = {Journal Audio Eng. Soc. of Japan}}

@STRING{j_asa = {J. Acoust. Soc. Am.}}

@STRING{j_asj = {J. Acoust. Soc. Japan}}

@STRING{j_ast = {Acoustical Science and Technology}}

@STRING{j_automatica = {Automatica}}

@STRING{j_cam = {Journal of Computational and Applied Mathematics}}

@STRING{j_ccc = {Intl. Journal of Computers, Communications and Control}}

@STRING{j_csl = {Computer Speech and Language}}

@STRING{j_ent = {Ear, Nose and Throat Journal}}

@STRING{j_exp_psy = {J. Exp. Psychol.}}

@STRING{j_ieice = {{IEICE} Technical Report}}

@STRING{j_inf = {Informatica}}

@STRING{j_itc = {Intl. Journal of Applied Research on Information Technology and Computing}}

@STRING{j_lcd = {Intl. Journal of Language and Communication Disorders}}

@STRING{j_nmr = {Journal of New Music Research}}

@STRING{j_phonet = {Journal of Phonetics}}

@STRING{j_pp = {Perception \& Psychophysics}}

@STRING{j_shr = {Journal of Speech and Hearing Research}}

@STRING{j_slhr = {Journal of Speech, Language and Hearing Research}}

@STRING{j_sp = {Signal Processing}}

@STRING{j_spcom = {Speech Communication}}

@STRING{j_sv = {Journal of Sound and Vibration}}

@STRING{j_v = {Journal of Voice}}

@STRING{j_vr = {Vision Research}}

@STRING{mep = {Journal of Medical Engineering \& Physics}}

@STRING{ncc = {Proc. National Conference on Communications ({NCC}), India}}

@STRING{neurocomp = {Neurocomputing}}

@STRING{nips = {Proc. Neural Information Processing Conf}}

@STRING{nolisp = {Proc. Nonlinear Speech Processing}}

@STRING{pacrim = {IEEE Pacific Rim Conf. on Communications, Computers and Signal Processing}}

@STRING{prorisc = {Proc. Workshop Circuits, Systems and Signal Processing ({ProRISC})}}

@STRING{ptrsl = {Philos. Trans. Royal Soc. London}}

@STRING{pub-ap = {Academic Press}}

@STRING{pub-ap:adr = {New York, {NY}, {USA}}}

@STRING{pub-aw = {Addison-Wesley}}

@STRING{pub-birkhauser = {Birkh{\"{a}}user}}

@STRING{pub-birkhauser:adr = {Cambridge, MA, USA; Berlin, Germany;Basel,Switzerland}}

@STRING{pub-cp = {Clarendon Press}}

@STRING{pub-crc = {CRC Press}}

@STRING{pub-crc:adr = {2000 Corporate Blvd., Boca Raton, FL 33431, {USA}}}

@STRING{pub-cup = {Cambridge University Press}}

@STRING{pub-cup:adr = {Cambridge, {UK}}}

@STRING{pub-dover = {Dover Publications}}

@STRING{pub-dover:adr = {New York, {USA}}}

@STRING{pub-esp = {Elsevier Science Publishers B. V.}}

@STRING{pub-esp:adr = {Amsterdam, The Netherlands}}

@STRING{pub-hrw = {Holt, Rinehart, and Winston}}

@STRING{pub-hrw:adr = {New York, {NY}, {USA}}}

@STRING{pub-ieee = {IEEE Computer Society Press}}

@STRING{pub-ieee:adr = {1109 Spring Street, Suite 300, Silver Spring, {MD} 20910, {USA}}}

@STRING{pub-jws = {John Wiley \& Sons}}

@STRING{pub-jws:adr = {New York, NY, USA}}

@STRING{pub-kap = {Kluwer Academic Publisher}}

@STRING{pub-kap:adr = {Norwell, MA, USA, and Dordrecht, The Netherlands}}

@STRING{pub-mh = {McGraw-Hill}}

@STRING{pub-mh:adr = {New York, NY, USA}}

@STRING{pub-ph = {Prentice-Hall}}

@STRING{pub-ph:adr = {Englewood Cliffs, NJ 07632, USA}}

@STRING{pub-siam = {SIAM}}

@STRING{pub-siam:adr = {Philadelphia, PA, USA}}

@STRING{pub-sv = {Spring{\-}er-Ver{\-}lag}}

@STRING{pub-sv:adr = {Berlin, Germany~/ Heidelberg, Germany~/ London, UK~/ etc.}}

@STRING{pub-teu = {Teubner Verlag}}

@STRING{pub-teu:adr = {Stuttgart, Germany}}

@STRING{rlsp = {Research Letters in Signal Processing}}

@STRING{scored = {Proc. Student Conf. Research and Development ({SCORED})}}

@STRING{scw = {Proc. {IEEE} Speech Coding Workshop}}

@STRING{siam = {SIAM Journal Sci. Comput.}}

@STRING{siamrev = {{SIAM} Review}}

@STRING{siu = {Proc. Signal Processing and Communications Applications Conference
	(SIU), Turkey}}

@STRING{spat = {Proc. Intl. Conf. on Sig. Proc. Applications and Technology}}

@STRING{specom = {Proc. Speech and Computers}}

@STRING{spen = {Speech Enhancement}}

@STRING{spieaaasp = {Proc. SPIE Adv. Algorithms Architectures Signal Processing}}

@STRING{sps-2000 = {Proc. 2nd {IEEE} Benelux Signal Processing Symposium ({SPS}-2000)}}

@STRING{ssp = {Proc. {IEEE/SP} Workshop on Statistical Signal Processing}}

@STRING{stl-qpsr = {STL-QPSR}}

@STRING{stl_qpsr = {STL-QPSR}}

@STRING{tmh-qpsr = {TMH-QPSR}}

@STRING{vtconf = {Proc. {IEEE} Vechicular Technology Conf.}}

@STRING{waspaa = {Proc. {IEEE} Workshop on Applications of Signal Processing to Audio
	and Acoustics ({WASPAA})}}

@STRING{wcecs = {Proc. World Congress on Engineering and Computer Science ({WCECS})}}

@STRING{wicass = {Proc. Intl. Workshop on Independent Component Analysis and Signal
	Separation}}

@STRING{wsc = {Proc. {IEEE} Workshop on Speech Coding}}

@STRING{iccv = {Proc. {IEEE} Intl. Conference on Computer Vision ({ICCV})}}

@STRING{icml = {Proc. Intl. Conference on Machine Learning ({ICML})}}

@STRING{cvpr = {Proc. Intl. {IEEE} Conf. on Computer Vision and Pattern Recognition ({CVPR})}}

@STRING{acmmm = {{Proc. {ACM} Intl. Conference on Multimedia ({ACMMM})}}}


@article{jaeger08,
  title={Categorical data analysis: Away from {ANOVAs} (transformation or not) and towards logit mixed models},
  author={Jaeger, T Florian},
  journal={Journal of memory and language},
  volume={59},
  number={4},
  pages={434--446},
  year={2008},
  publisher={Elsevier}
}

@inbook {Mcculloch06,
	title = {Generalized Linear Mixed Models},
	author = {Mcculloch, Charles E. and Neuhaus, John M.},
	publisher = {John Wiley and Sons, Ltd},
	isbn = {9780470057339},
  _url = {http://dx.doi.org/10.1002/9780470057339.vag009.pub2},
	doi = {10.1002/9780470057339.vag009.pub2},
	booktitle = {Encyclopedia of Environmetrics},
	year = {2006},
}


@inproceedings{bergstra11,
  title={Algorithms for hyper-parameter optimization},
  author={Bergstra, James S and Bardenet, R{\'e}mi and Bengio, Yoshua and K{\'e}gl, Bal{\'a}zs},
  booktitle={Advances in neural information processing systems},
  pages={2546--2554},
  year={2011}
}

@inproceedings{Yin17,
  Author = {Ruiqing Yin and Herv\'e Bredin and Claude Barras},
  Title = {{Interspeech 2017, 18th Annual Conference of the International Speech Communication Association}},
  Year = {2017},
  Month = {August},
  Address = {Stockholm, Sweden},
  url = {https://github.com/yinruiqing/change_detection},
}

@inproceedings{Pasha17_reverb,
	author = {S. Pasha and J. Donley and C. Ritz},
	title = {Blind Speaker Counting in Highly Reverberant Environments by Clustering Coherence Features},
	booktitle = {APSIPA ASC 2017},
	month = dec,
	year = {2017}
}

@INPROCEEDINGS{Pasha17,
	author={S. Pasha and J. Donley and C. Ritz and Y. X. Zou},
	booktitle={2017 Hands-free Speech Communications and Microphone Arrays (HSCMA)},
	title={Towards real-time source counting by estimation of coherent-to-diffuse ratios from ad-hoc microphone array recordings},
	year={2017},
	volume={},
	number={},
	pages={161-165},
	doi={10.1109/HSCMA.2017.7895582},
	month={March},
}

@article{Hochreiter98,
 author = {S. Hochreiter},
 title = {The Vanishing Gradient Problem During Learning Recurrent Neural Nets and Problem Solutions},
 journal = {Int. J. Uncertain. Fuzziness Knowl.-Based Syst.},
 issue_date = {April 1998},
 volume = {6},
 number = {2},
 month = apr,
 year = {1998},
 issn = {0218-4885},
 pages = {107--116},
 numpages = {10},
 doi = {10.1142/S0218488598000094},
}

@article{Osser64,
author = {H. Osser and F. Peng},
title ={A Cross Cultural Study of Speech Rate},
journal = {Language and Speech},
volume = {7},
number = {2},
pages = {120-125},
year = {1964},
doi = {10.1177/002383096400700208},
}

@url{Habets16,
	author = {E. A. P. Habets},
	title = {Room Impulse Response ({RIR}) generator},
	year = {2016},
	howpublished = {\url{https://github.com/ehabets/RIR-Generator}}
}


@article{Allen79,
	author = {J. B. Allen and D. A. Berkley},
	title = {Image method for efficiently simulating small‚Äêroom acoustics},
	journal = {The Journal of the Acoustical Society of America},
	volume = {65},
	number = {4},
	pages = {943-950},
	year = {1979},
	doi = {10.1121/1.382599}
}

@INPROCEEDINGS{Jiao16,
  author={Y. Jiao and M. Tu and V. Berisha and J. Liss},
  booktitle=icassp,
  title={Online speaking rate estimation using recurrent neural networks},
  year={2016},
  pages={5245-5249},
  doi={10.1109/ICASSP.2016.7472678},
  month={March},
}

@inproceedings{Andrei17,
  title = {Detecting overlapped speech on short timeframes using deep learning},
  author = {V. Andrei and H. Cucuand and C. Burileanu},
  Booktitle = interspeech,
	Title = {Counting Competing Speakers in a Time frame - Human versus Computer},
	Year = {2017},
  doi = {10.21437/Interspeech.2017-188}
}

@inproceedings{Gravier12,
  title = {{The ETAPE Corpus for the Evaluation of Speech-based TV Content Processing in the French Language}},
  author = {G. Gravier and G. Adda and N. Paulson and M. Carr{'e} and A. Giraudel and O. Galibert},
  booktitle = {{LREC - Eighth international conference on Language Resources and Evaluation}},
  address = {Turkey},
  year = {2012},
}

@INPROCEEDINGS{Dieleman14,
  author={S. Dieleman and B. Schrauwen},
  booktitle=icassp,
  title={End-to-end learning for music audio},
  year={2014},
  pages={6964-6968},
  doi={10.1109/ICASSP.2014.6854950},
  ISSN={1520-6149},
  month={May}
}

@InProceedings{Simonyan15,
  author       = "K. Simonyan and A. Zisserman",
  title        = "Very Deep Convolutional Networks for Large-Scale Image Recognition",
  booktitle    = "International Conference on Learning Representations",
  year         = "2015",
}

@inproceedings{Seltzer13,
  author={M. L. Seltzer and D. Yu and Y. Wang},
  booktitle=icassp,
  title={An investigation of deep neural networks for noise robust speech recognition},
  year={2013},
  pages={7398-7402},
  doi={10.1109/ICASSP.2013.6639100},
  ISSN={1520-6149},
  month={May}
}

@inproceedings{Mesaros16,
  author = "A. Mesaros and T. Heittola and T. Virtanen",
  title = "{TUT} Database for Acoustic Scene Classification and Sound Event Detection",
  year = "2016",
  booktitle = eusipco,
  address = "Budapest, Hungary"
}

@inproceedings{kingma14,
  title={Adam: A Method for Stochastic Optimization},
  author={D. P. Kingma and J. Ba},
  booktitle=iclr,
  year={2014}
}

%% Saved with string encoding Unicode (UTF-8)
@ARTICLE{cakir17,
  author={E. √áakƒ±r and G. Parascandolo and T. Heittola and H. Huttunen and T. Virtanen},
  journal=ieeeacm_j_aslp,
  title={Convolutional Recurrent Neural Networks for Polyphonic Sound Event Detection},
  year={2017},
  volume={25},
  number={6},
  pages={1291-1303},
  doi={10.1109/TASLP.2017.2690575},
  ISSN={2329-9290},
  month={June}
}

@book{berger1985,
  title={Statistical Decision Theory and Bayesian Analysis},
  author={J.O. Berger},
  isbn={9780387960982},
  lccn={93175464},
  series={Springer Series in Statistics},
  year={1985},
  publisher=pub-sv,
	address=pub-sv:adr
}

@misc{chollet2015keras,
  title={Keras v1.2.2},
  author={F. Chollet and others},
  year={2015},
  publisher={GitHub},
  howpublished={\url{https://github.com/fchollet/keras/tree/1.2.2}},
}

@inproceeding{webrtc,
  title = {WebRTC VAD v2.0.10},
  howpublished = {\url{https://github.com/wiseman/py-webrtcvad/tree/2.0.10}}
}

@book{common10,
	Author = {C. Pierre and C. Jutten},
	Publisher = pub-ap,
	Timestamp = {2017.08.05},
	Title = {Handbook of Blind Source Separation},
	Year = {2010},
	address = pub-ap:adr
}

@INPROCEEDINGS{Leglaive15,
  author={S. Leglaive and R. Hennequin and R. Badeau},
  booktitle=icassp,
  title={Singing voice detection with deep recurrent neural networks},
  year={2015},
  pages={121-125},
  ISSN={1520-6149},
  month={April}
}

@INPROCEEDINGS{Choi17,
  author={K. Choi and G. Fazekas and M. Sandler and K. Cho},
  booktitle=icassp,
  title={Convolutional recurrent neural networks for music classification},
  year={2017},
  pages={2392-2396},
  month={March}
}

@article{Hochreiter97,
 author = {S. Hochreiter and J. Schmidhuber},
 title = {Long Short-Term Memory},
 journal = {Neural Comput.},
 issue_date = {November 15, 1997},
 volume = {9},
 number = {8},
 month = nov,
 year = {1997},
 pages = {1735--1780},
 numpages = {46},
 publisher = {MIT Press},
 address = {Cambridge, MA, USA},
}

@INPROCEEDINGS{Uhlich15,
  author={S. Uhlich and F. Giron and Y. Mitsufuji},
  booktitle=icassp,
  title={Deep neural network based instrument extraction from music},
  year={2015},
  pages={2135-2139},
  month={April}
}

@article{Simonyan13,
  author    = {K. Simonyan and
               A. Vedaldi and
               A. Zisserman},
  title     = {Deep Inside Convolutional Networks: Visualising Image Classification Models and Saliency Maps},
  journal   = {CoRR},
  volume    = {abs/1312.6034},
  year      = {2013},
  _url       = {http://arxiv.org/abs/1312.6034},
}

@Article{Simonyan14,
  author       = "K. Simonyan and A. Zisserman",
  title        = "Very Deep Convolutional Networks for Large-Scale Image Recognition",
  journal      = "CoRR",
  volume       = "abs/1409.1556",
  year         = "2014"
}

@book{Goodfellow16,
  title={Deep Learning},
  author={I. Goodfellow and Y. Bengio and A. Courville},
  publisher={MIT Press},
  note={\url{http://www.deeplearningbook.org}},
  year={2016}
}

@inproceedings{hagerer17,
	Author = {G. Hagerer and V. Pandit and F. Eyben and B. Schuller},
	Booktitle = {Proc. Audio Eng. Soc. Conference on Semantic Audio},
	Month = {Jun},
	Title = {Enhancing LSTM RNN-Based Speech Overlap Detection by Artificially Mixed Data},
	Year = {2017},
}

@article{marchi17,
  title={Deep Recurrent Neural Network-Based Autoencoders for Acoustic Novelty Detection},
  author={E. Marchi and F. Vesperini and S. Squartini and B. Schuller},
  journal={Computational intelligence and neuroscience},
  volume={2017},
  year={2017},
  publisher={Hindawi Publishing Corporation}
}

@article{Choi94,
 author = {K. P. Choi},
 journal = {Proceedings of the American Mathematical Society},
 number = {1},
 pages = {245-251},
 publisher = {American Mathematical Society},
 title = {On the Medians of Gamma Distributions and an Equation of Ramanujan},
 volume = {121},
 year = {1994}
}

@article{LeCun15,
	Author = {Y. LeCun and Y. Bengio and G. Hinton},
	Journal = {Nature},
	Month = {05},
	Number = {7553},
	Pages = {436--444},
	Title = {Deep learning},
	Volume = {521},
	Year = {2015}
}

@INPROCEEDINGS{Graves13,
	author={A. Graves and A. R. Mohamed and G. Hinton},
	booktitle=icassp,
	title={Speech recognition with deep recurrent neural networks},
	year={2013},
	pages={6645-6649},
	month={May}
}

@inproceedings{HintonImagenet,
	Author = {A. Krizhevsky and I. Sutskever and G. Hinton},
	Booktitle = {Advances in Neural Information Processing Systems 25},
	Editor = {F. Pereira and C. J. C. Burges and L. Bottou and K. Q. Weinberger},
	Pages = {1097--1105},
	Publisher = {Curran Associates, Inc.},
	Title = {ImageNet Classification with Deep Convolutional Neural Networks},
	Year = {2012}
}

@article{HintonSpeech,
	author={G. Hinton and L. Deng and D. Yu and G. E. Dahl and A. r. Mohamed and N. Jaitly and A. Senior and V. Vanhoucke and P. Nguyen and T. N. Sainath and B. Kingsbury},
	journal={IEEE Signal Processing Magazine},
	title={Deep Neural Networks for Acoustic Modeling in Speech Recognition: The Shared Views of Four Research Groups},
	year={2012},
	volume={29},
	number={6},
	pages={82-97}
}

@misc{TIMIT93,
	Author = {J. S. Garofolo and L. F.  Lamel and W. M. Fisher and  J. G. Fiscus and D. S. Pallett and N. L. Dahlgren},
	Publisher = {NIST},
	Title = {{DARPA} {TIMIT} Acoustic Phonetic Continuous Speech Corpus {CDROM}},
	Url = {http://www.ldc.upenn.edu/Catalog/LDC93S1.html},
	Year = {1993},
}

@misc{THCHS15,
  title={{THCHS-30} : A Free Chinese Speech Corpus},
  author={D. Wang and X. Zhang and Z. Zhang},
  year={2015},
  url={http://arxiv.org/abs/1512.01882}
}

@inproceedings{andrei15_interspeech,
	author = {V. Andrei and H. Cucuand and A. Buzo and C. Burileanu},
	Booktitle = interspeech,
	Title = {Counting Competing Speakers in a Time frame - Human versus Computer},
	Year = {2015}}

@article{sayoud10,
	Author = {H. Sayoud and S. Ouamour},
	Date-Added = {2017-05-11 22:52:55 +0000},
	Date-Modified = {2017-05-11 22:53:01 +0000},
	Journal = {Journal of Information Hiding and Multimedia Signal Processing},
	Number = {2},
	Pages = {101--109},
	Title = {Proposal of a new confidence parameter estimating the number of speakers-an experimental investigation},
	Volume = {1},
	Year = {2010}}

@inproceedings{andrei15,
	author = {V. Andrei and H. Cucuand and A. Buzo and C. Burileanu},
	Booktitle = {Proc. International Conference on Speech Technology and Human-Computer Dialogue ({SpeD})},
	Organization = {IEEE},
	Pages = {1--8},
	Title = {Estimating competing speaker count for blind speech source separation},
	Year = {2015}}

@inproceedings{arai03,
	Author = {T. Arai},
	Booktitle = icassp,
	Date-Added = {2017-05-11 20:19:55 +0000},
	Date-Modified = {2017-05-11 20:20:01 +0000},
	Organization = {IEEE},
	Pages = {II--197},
	Title = {Estimating number of speakers by the modulation characteristics of speech},
	Volume = {2},
	Year = {2003}}

@inproceedings{loesch08,
	Author = {B. Loesch and B. Yang},
	Booktitle = iwaenc_pre_2012,
	Date-Added = {2017-05-10 15:35:28 +0000},
	Date-Modified = {2017-05-10 15:35:37 +0000},
	Title = {Source number estimation and clustering for underdetermined blind source separation},
	Year = {2008}}

@book{bregman,
	Author = {A. S. Bregman},
	Publisher = {MIT press},
	Title = {Auditory scene analysis: The perceptual organization of sound},
	Year = {1994}}

@article{kashino96,
	Author = {M. Kashino and T. Hirahara},
	Date-Added = {2017-05-08 17:19:50 +0000},
	Date-Modified = {2017-05-08 17:19:58 +0000},
	Journal = j_asa,
	Number = {4},
	Pages = {2596--2603},
	Publisher = {ASA},
	Title = {One, two, many -- Judging the number of concurrent talkers.},
	Volume = {99},
	Year = {1996}}

@article{hoopen79,
	Author = {G. t. Hoopen and J. Vos},
	Date-Added = {2017-05-08 16:35:22 +0000},
	Date-Modified = {2017-05-08 16:35:32 +0000},
	Journal = {Attention, Perception, \& Psychophysics},
	Number = {5},
	Pages = {374--380},
	Publisher = {Springer},
	Title = {Effect on numerosity judgment of grouping of tones by auditory channels},
	Volume = {26},
	Year = {1979}}

@article{Zeiler13,
	Author = {M. D. Zeiler and R. Fergus},
	Journal = {CoRR},
	Title = {Visualizing and Understanding Convolutional Networks},
	Volume = {abs/1311.2901},
	Year = {2013}}

@article{Springenberg14,
	Author = {J. T. Springenberg and A. Dosovitskiy and T. Brox and M. A. Riedmiller},
	Journal = {CoRR},
	Title = {Striving for Simplicity: The All Convolutional Net},
	Volume = {abs/1412.6806},
	Year = {2014}}

@inproceedings{panayotov15,
	Author = {V. Panayotov and G. Chen and D. Povey and S. Khudanpur},
	Booktitle = icassp,
	Date-Added = {2017-05-07 11:56:23 +0000},
	Date-Modified = {2017-05-07 11:56:32 +0000},
	Organization = {IEEE},
	Pages = {5206--5210},
	Title = {Librispeech: An {ASR} corpus based on public domain audio books},
	Year = {2015}}

@article{tibshirani01,
	Author = {R. Tibshirani and G. Walther and T. Hastie},
	Date-Added = {2017-05-07 11:54:48 +0000},
	Date-Modified = {2017-05-07 11:54:55 +0000},
	Journal = {Journal of the Royal Statistical Society: Series B (Statistical Methodology)},
	Number = {2},
	Pages = {411--423},
	Publisher = {Wiley Online Library},
	Title = {Estimating the number of clusters in a dataset via the gap statistic},
	Volume = {63},
	Year = {2001}}

@inproceedings{zeiler14,
	Author = {M. D. Zeiler and R. Fergus},
	Booktitle = {European conference on computer vision},
	Date-Added = {2017-05-07 11:53:19 +0000},
	Date-Modified = {2017-05-07 11:53:25 +0000},
	Organization = {Springer},
	Pages = {818--833},
	Title = {Visualizing and understanding convolutional networks},
	Year = {2014}}

@article{arberet10,
	Author = {S. Arberet and R. Gribonval and F. Bimbot},
	Date-Added = {2017-05-07 11:52:45 +0000},
	Date-Modified = {2017-05-07 11:52:52 +0000},
	Journal = ieee_j_sp,
	Number = {1},
	Pages = {121--133},
	Publisher = {IEEE},
	Title = {A robust method to count and locate audio sources in a multichannel underdetermined mixture},
	Volume = {58},
	Year = {2010}}

@inproceedings{luo03,
	Author = {Y. Luo and J. Chambers},
	Booktitle = {Proc. International Symposium on Signal Processing and Its Applications},
	Organization = {IEEE},
	Pages = {137--140},
	Title = {Active source selection using Gap statistics for underdetermined blind source separation},
	Volume = {1},
	Year = {2003}}

@inproceedings{schluter15,
	Author = {J. Schl{\"u}ter and T. Grill},
	Booktitle = ismir,
	Pages = {121--126},
	Title = {Exploring Data Augmentation for Improved Singing Voice Detection with Neural Networks.},
	Year = {2015}}

@inproceedings{huijbregts09,
	Author = {M. Huijbregts and D. A. van Leeuwen and F.M. Jong},
	Booktitle = interspeech,
	Publisher = {ISCA},
	Address = {Brighton},
	Title = {Speech overlap detection in a two-pass speaker diarization system},
	Year = {2009}}

@inproceedings{boakye08,
	Author = {K. Boakye and B. Trueba-Hornero and O. Vinyals and G. Friedland},
	Booktitle = icassp,
	Organization = {IEEE},
	Pages = {4353--4356},
	Title = {Overlapped speech detection for improved speaker diarization in multiparty meetings},
	Year = {2008}}

@article{kawashima15,
	Author = {T. Kawashima and T. Sato},
	Journal = {Attention, Perception and Psychophysics},
	Number = {6},
	Pages = {2108--2120},
	Title = {Perceptual limits in a simulated Cocktail Party},
	Volume = {77},
	Year = {2015}}

@inproceedings{zhang2015salient,
	Author = {J. Zhang and S. Ma and M. Sameki and S. Sclaroff and M. Betke and Z. Lin and X. Shen and B. Price and R. Mech},
	Booktitle = {Proc. of the {IEEE} Conf. on Computer Vision and Pattern Recognition ({CCVPR})},
	Pages = {4045--4054},
	Title = {Salient object subitizing},
	Year = {2015}}

@inproceedings{lempitsky10,
	Author = {V. Lempitsky and A. Zisserman},
	Booktitle = {Advances in Neural Information Processing Systems},
	Pages = {1324--1332},
	Title = {Learning to count objects in images},
	Year = {2010}}

@inproceedings{chan09,
	Author = {A. B. Chan and N. Vasconcelos},
	Booktitle = iccv,
	Organization = {IEEE},
	Pages = {545--551},
	Title = {Bayesian poisson regression for crowd counting},
	Year = {2009}}

@inproceedings{wang15,
	Author = {C. Wang and H. Zhang and L. Yang and S. Liu and X. Cao},
	Booktitle = acmmm,
	Organization = {ACM},
	Pages = {1299--1302},
	Title = {Deep people counting in extremely dense crowds},
	Year = {2015}}

@inproceedings{Rezatofigh16,
	Title = {Deep{S}et{N}et: {P}redicting Sets with Deep Neural Networks},
	shorttitle = {DeepSetNet},
	_url = {https://arxiv.org/abs/1611.08998},
	Author = {S. H. Rezatofighi and V. Kumar BG and A. Milan and E. Abbasnejad and A. Dick and I. Reid},
	Booktitle = iccv,
	Year = {2017}
}

@article{xu16,
	Author = {Y. Xu and I. McLoughlin and Y. Song and K. Wu},
	Journal = {Circuits, Systems, and Signal Processing},
	Number = {9},
	Pages = {3393--3404},
	Publisher = {Springer},
	Title = {Improved i-vector representation for speaker diarization},
	Volume = {35},
	Year = {2016}}

@article{garciaromero17,
	author={D. Garcia-Romero and D. Snyder and G. Sell and D. Povey and A. McCree},
	booktitle=icassp,
	title={Speaker diarization using deep neural network embeddings},
	year={2017},
	pages={4930-4934},
	doi={10.1109/ICASSP.2017.7953094},
	month={March}
}

@inproceedings{rouvier15,
	Author = {M. Rouvier and P.-M. Bousquet and B. Favre},
	Booktitle = eusipco,
	Organization = {IEEE},
	Pages = {2082--2086},
	Title = {Speaker diarization through speaker embeddings},
	Year = {2015}}

@inproceedings{luo16,
	Author = {Y. Luo and Z. Chen and J. R. Hershey and J. Le Roux and N. Mesgarani},
	Journal = icassp,
	Title = {Deep Clustering and Conventional Networks for Music Separation: Stronger Together},
	Year = {2017}}

@inproceedings{lukic16,
	Author = {Y. Lukic and C. Vogt and O. D{\"u}rr and T. Stadelmann},
	Booktitle = {Proc. {IEEE} Intl. Workshop on Machine Learning for Signal Processing ({MLSP})},
	Organization = {IEEE},
	Pages = {1--6},
	Title = {Speaker identification and clustering using convolutional neural networks},
	Year = {2016}}

@article{bach06,
	Author = {F. Bach and M. I. Jordan},
	Journal = {Journal of Machine Learning Research},
	Number = {Oct},
	Pages = {1963--2001},
	Title = {Learning spectral clustering, with application to speech separation},
	Volume = {7},
	Year = {2006}}

@article{pons2017timbre,
	Author = {J. Pons and O. Slizovskaia and R. Gong and E. G{\'o}mez and X. Serra},
	Journal = eusipco,
	Title = {Timbre Analysis of Music Audio Signals with Convolutional Neural Networks},
	Year = {2017}}

@inproceedings{pons17,
	Author = {J. Pons and X. Serra},
	Booktitle = icassp,
	Date-Added = {2017-04-16 18:11:01 +0000},
	Date-Modified = {2017-04-16 18:11:12 +0000},
	Title = {Designing efficient architectures for modeling temporal features with convolutional neural networks},
	Year = {2017}}

@article{richardson15,
	Author = {T. Richardson and D. Reynolds and N. Dehak},
	Journal = ieee_j_spl,
	Number = {10},
	Pages = {1671--1675},
	Publisher = {IEEE},
	Title = {Deep neural network approaches to speaker and language recognition},
	Volume = {22},
	Year = {2015}}

@inproceedings{amodei16,
	Author = {D. Amodei and R. Anubhai and E. Battenberg and C. Case and J. Casper and B. Catanzaro and J. Chen and M. Chrzanowski and A. Coates and G. Diamos and others},
	Booktitle = {Proc. Intl. Conference on Machine Learning},
	Pages = {173--182},
	Title = {Deep Speech 2: End-to-End Speech Recognition in {English and Mandarin}},
	Year = {2016}}

@inproceedings{noh15,
	Author = {H. Noh and S. Hong and B. Han},
	Booktitle = iccv,
	Pages = {1520--1528},
	Title = {Learning deconvolution network for semantic segmentation},
	Year = {2015}}

@inproceedings{long15,
	Author = {J. Long and E. Shelhamer and T. Darrell},
	Booktitle = cvpr,
	Pages = {3431--3440},
	Title = {Fully convolutional networks for semantic segmentation},
	Year = {2015}}

@inproceedings{schoeffler13,
	Author = {M. Schoeffler and F.-R. St{\"o}ter and H. Bayerlein amd B. Edler and J. Herre},
	Booktitle = ismir,
	Date-Added = {2017-04-16 17:56:05 +0000},
	Date-Modified = {2017-04-16 17:57:38 +0000},
	Pages = {389-394},
	Title = {An experiment about estimating the number of instruments in polyphonic music: a comparison between internet and laboratory results},
	Url-Details = {http://www.audiolabs-erlangen.com/experiments/wice},
	Url-Pdf = {http://www.ppgia.pucpr.br/ismir2013/wp-content/uploads/2013/09/59_Paper.pdf},
	Year = {2013}}

@inproceedings{stoeter13,
	Author = {F.-R. St{\"o}ter and M. Schoeffler and B. Edler and J. Herre},
	Booktitle = {Proceedings of Meetings on Acoustics},
	Doi = {10.1121/1.4799609},
	Number = {1},
	Title = {Human ability of counting the number of instruments in polyphonic music},
	Volume = {19},
	Year = {2013},
}

@article{jevons1871,
	Author = {W. S. Jevons},
	Date-Added = {2017-04-16 17:53:31 +0000},
	Date-Modified = {2017-04-16 17:53:38 +0000},
	Journal = {Nature},
	Number = {67},
	Pages = {281--282},
	Title = {The power of numerical discrimination},
	Volume = {3},
	Year = {1871}}

@article{fallah09,
	Author = {N. Fallah and H. Gu and K. Mohammad and S. A. Seyyedsalehi and K. Nourijelyani and M. R. Eshraghian},
	Date-Added = {2017-04-16 17:52:31 +0000},
	Date-Modified = {2017-04-16 17:52:41 +0000},
	Journal = {Neural Computing and Applications},
	Number = {8},
	Pages = {939},
	Publisher = {Springer},
	Title = {Nonlinear Poisson regression using neural networks: a simulation study},
	Volume = {18},
	Year = {2009}}

@inproceedings{yu16,
	Author = {D. Yu and M. Kolb{\ae}k and Z.-H. Tan and J. Jensen},
	Booktitle = icassp,
	Date-Added = {2017-04-16 17:46:36 +0000},
	Date-Modified = {2017-04-16 17:51:13 +0000},
	Title = {Permutation invariant training of deep models for speaker-independent multi-talker speech separation},
	Year = {2017}}

@inproceedings{stoeter17,
	Author = {F.-R. St√∂ter and S. Chakrabarty and B. Edler and E. A. P. Habets},
	Booktitle = {accepted to ICASSP},
	_url = {https://arxiv.org/abs/1712.0455},
	Title = {Classification vs. Regression in supervised learning for single channel speaker count estimation},
	Year = {2018}}

@inproceedings{isik16,
	Author = {Y. Isik and J. Le Roux and Z. Chen and S. Watanabe and J. R. Hershey},
	Date-Added = {2017-04-16 17:44:09 +0000},
	Date-Modified = {2017-04-16 17:44:19 +0000},
	Booktitle = interspeech,
	Title = {Single-channel multi-speaker separation using deep clustering},
	Year = {2016}}

@inproceedings{grais17,
	author={E. M. Grais and M. D. Plumbley},
	booktitle={2017 IEEE Global Conference on Signal and Information Processing (GlobalSIP)},
	title={Single channel audio source separation using convolutional denoising autoencoders},
	year={2017},
	volume={},
	number={},
	pages={1265-1269},
	doi={10.1109/GlobalSIP.2017.8309164},
	ISSN={},
	month={Nov}
}

@inproceedings{chandna2017,
	Author = {P. Chandna and M. Miron and J. Janer and E. G{\'o}mez},
	Booktitle = {Proc. Intl. Conference on Latent Variable Analysis and Signal Separation ({LVA/ICA})},
	Date-Added = {2017-04-16 17:42:44 +0000},
	Date-Modified = {2017-04-16 17:42:53 +0000},
	Organization = {Springer},
	Pages = {258--266},
	Title = {Monoaural audio source separation using deep convolutional neural networks},
	Year = {2017}}

@inproceedings{yella14,
	Author = {S. H. Yella and A. Stolcke and M. Slaney},
	Booktitle = {IEEE Workshop on Spoken Language Technology ({SLT})},
	Organization = {IEEE},
	Pages = {402--406},
	Title = {Artificial neural network features for speaker diarization},
	Year = {2014}}

@article{ramaiah17,
	Author = {V. S. Ramaiah and R R. Rao},
	Journal = {Alexandria Engineering Journal},
	Publisher = {Elsevier},
	Title = {Speaker diarization system using {HXLPS} and deep neural network},
	Year = {2017}}

@inproceedings{imseng09,
	Author = {D. Imseng and G. Friedland},
	Booktitle = {{IEEE} Workshop on Automatic Speech Recognition \& Understanding},
	Organization = {IEEE},
	Pages = {432--437},
	Title = {Robust speaker diarization for short speech recordings},
	Year = {2009}}

@inproceedings{hruz16,
	Author = {M. Hr{\'u}z and M. Kune{\v{s}}ov{\'a}},
	Booktitle = {International Conference on Speech and Computer},
	Organization = {Springer},
	Pages = {191--198},
	Title = {Convolutional Neural Network in the Task of Speaker Change Detection},
	Year = {2016}}

@inproceedings{geiger13,
	Author = {J. T. Geiger and F. Eyben and B. W. Schuller and G. Rigoll},
	Booktitle = interspeech,
	Pages = {1668--1672},
	Title = {Detecting overlapping speech with long short-term memory recurrent neural networks.},
	Year = {2013}}

@inproceedings{dupuy14,
	Author = {G. Dupuy and S. Meignier and P. Del{\'e}glise and Y. Esteve},
	Booktitle = {Proceedings of Odyssey},
	Organization = {Citeseer},
	Title = {Recent improvements on {ILP}-based clustering for broadcast news speaker diarization},
	Year = {2014}}

@article{bredin16icassp,
	author={H. Bredin},
	booktitle=icassp,
	title={TristouNet: Triplet loss for speaker turn embedding},
	year={2017},
	pages={5430-5434},
	month={March}
}

@inproceedings{araki09,
	Author = {S. Araki and T. Nakatani and H. Sawada and S. Makino},
	Booktitle = {Proc. Intl. Conference on Latent Variable Analysis and Signal Separation ({LVA/ICA})},
	Organization = {Springer},
	Pages = {742--750},
	Title = {Stereo source separation and source counting with MAP estimation with Dirichlet prior considering spatial aliasing problem},
	Year = {2009}}

@inproceedings{drude14_icassp,
	Author = {L. Drude and A. Chinaev and D. H. T. Vu and R. Haeb-Umbach},
	Booktitle = icassp,
	Organization = {IEEE},
	Pages = {6834--6838},
	Title = {Source counting in speech mixtures using a variational {EM} approach for complex Watson mixture models},
}	Year = {2014}}

@inproceedings{drude14_iwaenc,
	Author = {L. Drude and A. Chinaev and D. H. T. Vu and R. Haeb-Umbach},
	Booktitle = iwaenc,
	Organization = {IEEE},
	Pages = {213--217},
	Title = {Towards online source counting in speech mixtures applying a variational {EM} for complex Watson mixture models},
	Year = {2014}}

@article{huron89,
	Author = {D. Huron},
	Journal = {Music Perception: An Interdisciplinary Journal},
	Number = {4},
	Pages = {361--382},
	Publisher = {University of California Press Journals},
	Title = {Voice denumerability in polyphonic music of homogeneous timbres},
	Volume = {6},
	Year = {1989}}

@inproceedings{pavlidi12,
	Author = {D. Pavlidi and A. Griffin and M. Puigt and A. Mouchtaris},
	Booktitle = {{IEEE} Signal Processing Workshop on Sensor Array and Multichannel ({SAM})},
	Organization = {IEEE},
	Pages = {521--524},
	Title = {Source counting in real-time sound source localization using a circular microphone array},
	Year = {2012}}

@ARTICLE{qian16,
	author={Y. Qian and M. Bi and T. Tan and K. Yu},
	journal=ieeeacm_j_aslp,
	title={Very Deep Convolutional Neural Networks for Noise Robust Speech Recognition},
	year={2016},
	volume={24},
	number={12},
	pages={2263-2276},
	doi={10.1109/TASLP.2016.2602884},
	ISSN={2329-9290},
	month={Dec}
}

@inproceedings{walter15,
	Author = {O. Walter and L. Drude and R. Haeb-Umbach},
	Booktitle = icassp,
	Organization = {IEEE},
	Pages = {459--463},
	Title = {Source counting in speech mixtures by nonparametric Bayesian estimation of an infinite {Gaussian} mixture model},
	Year = {2015}}

@inproceedings{xu13,
	Author = {C. Xu and S. Li and G. Liu and Y. Zhang and E. Miluzzo and Y.-F. Chen and J. Li and B. Firner},
	Booktitle = {Proceedings of the 2013 ACM international joint conference on Pervasive and ubiquitous computing},
	Organization = {ACM},
	Pages = {43--52},
	Title = {Crowd++: Unsupervised speaker count with smartphones},
	Year = {2013}}

@article{shao15,
	Author = {J. Shao and D. Wang and X. Xue and Z. Zhang},
	Journal = {arXiv preprint arXiv:1512.02326},
	Title = {Learning to Point and Count},
	Year = {2015}}

@inproceedings{chattopadhyay17,
  author = {P. Chattopadhyay and R. Vedantam and R. R. Selvaraju and D. Batra and D. Parikh},
  title = {Counting Everyday Objects in Everyday Scenes},
  booktitle = cvpr,
  month = {July},
  year = {2017}
}

@inproceedings{boominathan16,
	Author = {L. Boominathan and S. SS. Kruthiventi and R. V. Babu},
	Booktitle = acmmm,
	Organization = {ACM},
	Pages = {640--644},
	Title = {CrowdNet: A Deep Convolutional Network for Dense Crowd Counting},
	Year = {2016}}

@article{kang16,
	Author = {D. Kang and D. Dhar and A. B. Chan},
	Journal = {arXiv preprint arXiv:1611.06748},
	Title = {Crowd Counting by Adapting Convolutional Neural Networks with Side Information},
	Year = {2016}}

@inproceedings{marsden16,
	Author = {M. Marsden and K. McGuiness and S. Little and N. E. O'Connor},
	Booktitle = {12th International Joint Conference on Computer Vision, Imaging and Computer Graphics Theory and Applications (VISAPP)},
	Title = {Fully Convolutional Crowd Counting On Highly Congested Scenes},
	Year = {2017}}

@inproceedings{arteta16,
	Author = {C. Arteta and V. Lempitsky and A. Zisserman},
	Booktitle = {European Conference on Computer Vision},
	Organization = {Springer},
	Pages = {483--498},
	Title = {Counting in the Wild},
	Year = {2016}}

@inproceedings{khan16,
	Author = {A. Khan and S. Gould and M. Salzmann},
	Booktitle = {European Conference on Computer Vision},
	Organization = {Springer},
	Pages = {339--348},
	Title = {Deep Convolutional Neural Networks for Human Embryonic Cell Counting},
	Year = {2016}}

@inproceedings{segui15,
	Author = {S. Segu{\'\i} and O. Pujol and J. Vitria},
	Booktitle = cvpr,
	Pages = {90--96},
	Title = {Learning to count with deep object features},
	Year = {2015}}

@inproceedings{zhang15,
	Author = {C. Zhang and H. Li and X. Wang and X. Yang},
	Booktitle = cvpr,
	Pages = {833--841},
	Title = {Cross-scene crowd counting via deep convolutional neural networks},
	Year = {2015}}

@article{tranter06,
	Author = {S. E. Tranter and D. A. Reynolds},
	Journal = ieee_j_aslp,
	Number = {5},
	Pages = {1557--1565},
	Publisher = {IEEE},
	Title = {An overview of automatic speaker diarization systems},
	Volume = {14},
	Year = {2006}}

@article{angueramiro12,
	Author = {X. Anguera and S. Bozonnet and N. Evans and C. Fredouille and G. Friedland and O. Vinyals},
	Date-Modified = {2017-03-19 01:32:38 +0000},
	Journal = ieee_j_aslp,
	Number = {2},
	Pages = {356--370},
	Publisher = {IEEE},
	Title = {Speaker diarization: A review of recent research},
	Volume = {20},
	Year = {2012}}

@inproceedings{larcher16,
	Author = {A. Larcher and K. A. Lee and S. Meignier},
	Booktitle = icassp,
	Organization = {IEEE},
	Pages = {5095--5099},
	Title = {An extensible speaker identification sidekit in Python},
	Year = {2016}}

@inproceedings{bredin16acm,
	Author = {H. Bredin and G. Gelly},
	Booktitle = acmmm,
	Date-Modified = {2017-03-19 01:15:05 +0000},
	Organization = {ACM},
	Pages = {157--161},
	Title = {Improving speaker diarization of TV series using talking-face detection and clustering},
	Year = {2016}}

@phdthesis{gonina11,
	Author = {E. Gonina},
	School = {MA thesis. EECS Department, University of California, Berkeley, 2011. URL: http://www.eecs.berkeley.edu/Pubs/TechRpts/2011/EECS-2011-128.html},
	Title = {Fast Speaker Diarization Using a Specialization Framework for {Gaussian} Mixture Model Training},
	Year = {2011}}

@article{giannakopoulos15,
	Author = {T. Giannakopoulos},
	Journal = {PloS one},
	Number = {12},
	Pages = {e0144610},
	Publisher = {Public Library of Science},
	Title = {pyaudioanalysis: An open-source python library for audio signal analysis},
	Volume = {10},
	Year = {2015}}

@techreport{rouvier13,
	Author = {M. Rouvier and G. Dupuy and P. Gay and E. Khoury and T. Merlin and S. Meignier},
	Institution = {Idiap},
	Title = {An open-source state-of-the-art toolbox for broadcast news diarization},
	Year = {2013}}

@inproceedings{hershey16,
	author = {J.R. Hershey and Z. Chen and  J. {Le Roux} and S. Watanabe},
	title = {Deep Clustering: Discriminative Embeddings for Segmentation and Separation},
	booktitle = icassp,
	year = 2016,
	pages = {31--35},
	month = mar,
	doi = {10.1109/ICASSP.2016.7471631},
	url = {http://www.merl.com/publications/TR2016-003}
	}

@inproceedings{shershey16,
	author={S. Hershey and S. Chaudhuri and D. P. W. Ellis and J. F. Gemmeke and A. Jansen and R. C. Moore and M. Plakal and D. Platt and R. A. Saurous and B. Seybold and M. Slaney and R. J. Weiss and K. Wilson},
	booktitle={2017 IEEE International Conference on Acoustics, Speech and Signal Processing (ICASSP)},
	title={CNN architectures for large-scale audio classification},
	year={2017},
	volume={},
	number={},
	pages={131-135},
	doi={10.1109/ICASSP.2017.7952132},
	ISSN={},
	month={March},}

@inproceedings{pons16,
	Author = {J. Pons and T. Lidy and X. Serra},
	Booktitle = {Intl. Workshop on Content-Based Multimedia Indexing ({CBMI})},
	Organization = {IEEE},
	Pages = {1--6},
	Title = {Experimenting with musically motivated convolutional neural networks},
	Year = {2016}}

@inproceedings{xie16,
	Author = {J. Xie and R. Girshick and A. Farhadi},
	Booktitle = {International Conference on Machine Learning (ICML)},
	Title = {Unsupervised deep embedding for clustering analysis},
	Year = {2016}}

@article{NbClust,
	Author = {M. Charrad and N. Ghazzali and V. Boiteau and A. Niknafs},
	Journal = {Journal of Statistical Software},
	Number = {6},
	Pages = {1--36},
	Title = {{NbClust}: An {R} Package for Determining the Relevant Number of Clusters in a Data Set},
	Url = {http://www.jstatsoft.org/v61/i06/},
	Volume = {61},
	Year = {2014},
	Bdsk-Url-1 = {http://www.jstatsoft.org/v61/i06/}}

@article{mirzaei15,
	Author = {S. Mirzaei and Y. Norouzi and others},
	Journal = {Signal Processing},
	Pages = {27--37},
	Publisher = {Elsevier},
	Title = {Blind audio source counting and separation of anechoic mixtures using the multichannel complex {NMF} framework},
	Volume = {115},
	Year = {2015}}

@inproceedings{zhou16,
	Author = {B. Zhou and A. Khosla and A. Lapedriza and A. Oliva and A. Torralba},
	Booktitle = cvpr,
	Pages = {2921--2929},
	Title = {Learning deep features for discriminative localization},
	Year = {2016}}

@inproceedings{schluter16,
	Author = {J. Schl{\"u}ter},
	Booktitle = ismir,
	Pages = {44--50},
	Title = {Learning to pinpoint singing voice from weakly labeled examples},
	Year = {2016}}

@inproceedings{sainath15,
	Author = {T. Sainath and O. Vinyals and A. Senior and H. Sak},
	Booktitle = icassp,
	Organization = {IEEE},
	Pages = {4580--4584},
	Title = {Convolutional, long short-term memory, fully connected deep neural networks},
	Year = {2015}}

@article{han17,
	Author = {Y. Han and J. Kim and K. Lee},
	Journal = ieeeacm_j_aslp,
	Number = {1},
	Pages = {208--221},
	Publisher = {IEEE},
	Title = {Deep convolutional neural networks for predominant instrument recognition in polyphonic music},
	Volume = {25},
	Year = {2017}}

@inproceedings{lidy16,
	Author = {T. Lidy and A. Schindler},
	Booktitle = {Proceedings of the Detection and Classification of Acoustic Scenes and Events 2016 Workshop (DCASE2016)},
	Organization = {DCASE2016 Challenge},
	Pages = {1032--1048},
	Title = {CQT-based convolutional neural networks for audio scene classification},
	Volume = {90},
	Year = {2016}}

@inproceedings{montavon09,
	Author = {G. Montavon},
	Booktitle = {{NIPS} Workshop on deep learning for speech recognition and related applications},
	Pages = {1--4},
	Title = {Deep learning for spoken language identification},
	Year = {2009}}

@article{carlis12,
	Author = {J. Carlis and K. Bruso},
	Journal = {Electronic commerce research and applications},
	Number = {2},
	Pages = {152--158},
	Publisher = {Elsevier},
	Title = {RSQRT: An heuristic for estimating the number of clusters to report},
	Volume = {11},
	Year = {2012}}

@article{arora14,
	Author = {V. Arora and L. Behera},
	Journal = ieeeacm_j_aslp,
	Number = {6},
	Pages = {1003--1012},
	Publisher = {IEEE Press},
	Title = {Musical source clustering and identification in polyphonic audio},
	Volume = {22},
	Year = {2014}}
