% This file was created with JabRef 2.7.
% Encoding: MacRoman

@INPROCEEDINGS{ozerov2011b,
  author = {A. Ozerov, and A. Liutkus and R. Badeau and G. Richard},
  title = {Informed source separation: source coding meets source separation},
  booktitle = {IEEE Workshop Applications of Signal Processing to Audio and Acoustics
	(WASPAA)},
  year = {2011},
  address = {New Paltz, New York, USA},
  month = oct,
  owner = {rbadeau},
  timestamp = {2011.09.01}
}

@article{harshman1970foundations,
  title={Foundations of the PARAFAC procedure: Models and conditions for an" explanatory" multi-modal factor analysis},
  author={Harshman, Richard A},
  year={1970},
  publisher={University of California at Los Angeles Los Angeles}
}

@ARTICLE{overlapadd77Allen,
  author = {Allen, J.},
  title = {Short term spectral analysis, synthesis, and modification by discrete
	{F}ourier transform},
  journal = {Acoustics, Speech and Signal Processing, IEEE Transactions on},
  year = {1977},
  volume = {25},
  pages = { 235 - 238},
  number = {3},
  month = {jun},
  doi = {10.1109/TASSP.1977.1162950},
  issn = {0096-3518}
}

@ARTICLE{overlapaddAllenUnified77,
  author = {Allen, J.B. and Rabiner, L.R.},
  title = {A unified approach to short-time {F}ourier analysis and synthesis},
  journal = {Proceedings of the IEEE},
  year = {1977},
  volume = {65},
  pages = { 1558 - 1564},
  number = {11},
  month = {nov.},
  doi = {10.1109/PROC.1977.10770},
  issn = {0018-9219},
  owner = {antoine},
  timestamp = {2014.01.08}
}

@INPROCEEDINGS{badeau2011hrnmf,
  author = {R. Badeau},
  title = {Gaussian modeling of mixtures of non-stationary signals in the time-frequency
	domain ({HR-NMF})},
  booktitle = {Proc. WASPAA},
  year = {2011},
  pages = {253--256},
  address = {New Paltz, NY, USA},
  month = {Oct.}
}

@CONFERENCE{NMF-stability2011,
  author = {R. Badeau and N. Bertin and E. Vincent},
  title = {Stability Analysis of Multiplicative Update Algorithms for Nonnegative
	Matrix Factorization},
  booktitle = {Proc. IEEE Intl. Conf. Acoust. Speech Signal Processing (ICASSP'11)},
  year = {2009},
  pages = {105--108},
  address = {Washington, DC, USA},
  month = apr,
  doi = {http://dx.doi.org/10.1109/ICASSP.2009.4959531},
  isbn = {978-1-4244-2353-8},
  owner = {antoine},
  timestamp = {2010.04.01}
}

@INPROCEEDINGS{badeau2013variational_hrnmf,
  author = {R. Badeau and A. Dremeau},
  title = {Variational {B}ayesian {EM} algorithm for modeling mixtures of non-stationary
	signals in the time-frequency domain ({HR-NMF})},
  booktitle = {Proc. ICASSP},
  year = {2013},
  pages = {6171--6175},
  address = {Vancouver, BC, Canada},
  month = {May}
}

@ARTICLE{badeau2014hrnmfTASLP,
  author = {Badeau, R. and Plumbley, M.D.},
  title = {{Multichannel high resolution {NMF} for modelling convolutive mixtures
	of non-stationary signals in the time-frequency domain}},
  journal = {IEEE Trans. on Audio, Sp. \& Lang. Proc.},
  year = {2014},
  volume = {22},
  pages = {1670-1680},
  number = {11},
  month = Nov
}

@INPROCEEDINGS{badeau2013multichannel_hrnmf,
  author = {Badeau, R. and Plumbley, M.D.},
  title = {Multichannel {HR-NMF} for modelling convolutive mixtures of non-stationary
	signals in the time-frequency domain},
  booktitle = {Proc. WASPAA},
  year = {2013},
  pages = {1--4},
  address = {New Paltz, NY, USA},
  month = {Oct.}
}

@ARTICLE{badeau2014multichannel,
  author = {Badeau, Roland and Plumbley, Mark D},
  title = {Multichannel high-resolution NMF for modeling convolutive mixtures
	of non-stationary signals in the time-frequency domain},
  journal = {IEEE Trans. on Audio, Speech and Lang. Proc.},
  year = {2014},
  volume = {22},
  pages = {1670--1680},
  number = {11},
  publisher = {IEEE}
}

@INPROCEEDINGS{barker2013modulation,
  author = {T. Barker and T. Virtanen},
  title = {Non-negative tensor factorisation of modulation spectrograms for
	monaural sound source separation},
  booktitle = {Proc. Interspeech},
  year = {2013},
  pages = {827--831},
  address = {Lyon, France}
}

@INPROCEEDINGS{BarryA,
  author = {D. Barry and B. Lawlor and E. Coyle},
  title = {Real-time Sound Source Separation using Azimuth Discrimination and
	Resynthesis},
  booktitle = {Proc.of 117th Audio Engineering Society Convention},
  year = {2004},
  address = {San Francisco, CA, USA},
  month = oct
}

@ARTICLE{Belouchrani2,
  author = {Belouchrani, A. and Meraim, K. A. and Cardoso, J. F. and Moulines,
	E.},
  title = {{A blind source separation technique using second order statistics}},
  journal = {IEEE Transactions on Signal Processing},
  year = {1997},
  volume = {45},
  pages = {434--444},
  month = feb,
  citeulike-article-id = {1079013},
  owner = {antoine},
  posted-at = {2007-01-31 04:27:33},
  priority = {0},
  timestamp = {2014.01.08}
}

@ARTICLE{benaroya-separation06,
  author = {L. Benaroya and F. Bimbot and R. Gribonval},
  title = {Audio source separation with a single sensor},
  journal = {IEEE Trans. on Audio, Speech and Language Processing},
  year = {2006},
  volume = {14},
  pages = {191-199},
  number = {1},
  month = jan,
  owner = {liutkus},
  timestamp = {2010.04.07}
}

@CONFERENCE{iwaenc06,
  author = {Benaroya, L. and Blouet, R. and C. F{\'e}votte and I. Cohen},
  title = {Single sensor source separation using multiple-window {STFT} representation},
  booktitle = {Proc. Int. Workshop on Acoust. Echo and Noise Control (IWAENC'06)},
  year = {2006},
  address = {paris, France},
  month = sep,
  owner = {antoine},
  timestamp = {2010.04.01},
  url = {http://www.tsi.enst.fr/~fevotte/Proceedings/iwaenc06.pdf}
}

@CONFERENCE{ICASSP03:LBenaroya,
  author = {Benaroya, L. and L. McDonagh and F. Bimbot and R. Gribonval},
  title = {Non negative sparse representation for {W}iener based source separation
	with a single sensor},
  booktitle = {IEEE International Conference Acoustics Speech Signal Processing
	(ICASSP)},
  year = {2003},
  pages = {613--616},
  address = {Hong-Kong},
  month = apr,
  owner = {antoine},
  timestamp = {2010.04.01}
}

@CONFERENCE{coolingnmf09,
  author = {Bertin, N. and F{\'e}votte, C. and Badeau, R.},
  title = {A tempering approach for {I}takura-{S}aito non-negative matrix factorization.
	{W}ith application to music transcription},
  booktitle = {Proc. IEEE Intl. Conf. Acoust. Speech Signal Processing (ICASSP'09)},
  year = {2009},
  pages = {1545--1548},
  address = {Washington, DC, USA},
  month = apr,
  doi = {http://dx.doi.org/10.1109/ICASSP.2009.4959891},
  isbn = {978-1-4244-2353-8},
  owner = {antoine},
  timestamp = {2010.04.01}
}

@BOOK{bregman1994auditory,
  title = {Auditory Scene Analysis: The Perceptual Organization of Sound},
  publisher = {Bradford Books},
  year = {1994},
  author = {Bregman, A.S.},
  series = {A Bradford book},
  isbn = {9780262521956},
  lccn = {lc89014595},
  url = {https://books.google.de/books?id=jI8muSpAC5AC}
}

@ARTICLE{closemic2013,
  author = {J. Carabias-Orti and M. Cobos and P. Vera-Candeas and F. Rodr{\'\i}guez-Serrano},
  title = {Nonnegative signal factorization with learnt instrument models for
	sound source separation in close-microphone recordings},
  journal = {EURASIP Journal on Advances in Signal Processing},
  year = {2013},
  volume = {2013},
  pages = {1--16},
  number = {1},
  publisher = {Springer}
}

@INPROCEEDINGS{waspaa_pltf,
  author = {Cemgil, A. T. and Simsekli, U. and Subakan, Y. C.},
  title = {Probabilistic Latent Tensor Factorization Framework for Audio Modeling},
  booktitle = {Proc. IEEE Workshop on Applications of Signal Processing to Audio
	and Acoustics WASPAA '11},
  year = {2011},
  owner = {antoine},
  timestamp = {2012.12.16}
}

@CONFERENCE{cemgil-TF-distributions,
  author = {Cemgil, {A.T.} and P. Peeling and O. Dikmen and S. Godsill},
  title = {Prior Structures for {T}ime-{F}requency Energy Distributions},
  booktitle = {IEEE Workshop on. Applications of Signal Processing to Audio and
	Acoustics (WASPAA)},
  year = {2007},
  pages = {151-154},
  address = {New Paltz, NY, USA},
  month = oct,
  owner = {liutkus},
  timestamp = {2010.03.15}
}

@BOOK{NMF-CICHOKI,
  title = {Nonnegative Matrix and Tensor Factorizations: Applications to Exploratory
	Multi-way Data Analysis and Blind Source Separation},
  publisher = {Wiley Publishing},
  year = {2009},
  author = {Cichocki, A. and Zdunek, R. and Phan, A. H. and Amari, S.},
  month = sep,
  isbn = {0470746661, 9780470746660},
  owner = {papa},
  timestamp = {2012.05.18}
}

@INPROCEEDINGS{adaptive_bss_cichoki1999,
  author = {Cichocki, A. and Zhang, L.},
  title = {Adaptive multichannel blind deconvolution using state-space models
	},
  booktitle = {IEEE Signal Processing Workshop on Higher-Order Statistics},
  year = {1999},
  pages = {296 -299},
  month = jun,
  doi = {10.1109/HOST.1999.778746},
  owner = {antoine},
  timestamp = {2014.09.22}
}

@INPROCEEDINGS{closemicclifford2011microphone,
  author = {A. Clifford and J. Reiss},
  title = {Microphone interference reduction in live sound},
  booktitle = {Proceedings of the 14th International Conference on Digital Audio
	Effects (DAFx-11)},
  year = {2011}
}

@ARTICLE{comon1994,
  author = {P. Comon},
  title = {{Independent component analysis, A new concept?}},
  journal = {Signal Processing},
  year = {1994},
  volume = {36},
  pages = {287--314},
  number = {3},
  month = apr,
  address = {Amsterdam,The Netherlands},
  doi = {10.1016/0165-1684(94)90029-9},
  issn = {01651684},
  owner = {antoine},
  publisher = {Elsevier North-Holland, Inc.},
  timestamp = {2014.01.08}
}

@ARTICLE{CoxRobustBeamforming87,
  author = {Cox, H. and Zeskind, R. and Owen, M.},
  title = {Robust adaptive beamforming},
  journal = {Acoustics, Speech and Signal Processing, IEEE Transactions on},
  year = {1987},
  volume = {35},
  pages = { 1365 - 1376},
  number = {10},
  month = {oct},
  doi = {10.1109/TASSP.1987.1165054},
  issn = {0096-3518},
  owner = {papa},
  timestamp = {2012.05.14}
}

@ARTICLE{overlapaddCrochiere80,
  author = {Crochiere, R.},
  title = {A weighted overlap-add method of short-time {F}ourier analysis/synthesis},
  journal = {Acoustics, Speech and Signal Processing, IEEE Transactions on},
  year = {1980},
  volume = {28},
  pages = { 99 - 102},
  number = {1},
  month = {feb},
  doi = {10.1109/TASSP.1980.1163353},
  issn = {0096-3518},
  owner = {antoine},
  timestamp = {2014.01.08}
}

@INPROCEEDINGS{DamonEEG_NTF2013,
  author = {C. Damon and A. Liutkus and A. Gramfort and S. Essid},
  title = {Non-negative matrix factorization for single-channel {EEG} artifact
	rejection},
  booktitle = {IEEE International Conference on Acoustics, Speech and Signal Processing
	(ICASSP)},
  year = {2013},
  month = may,
  owner = {antoine},
  timestamp = {2012.01.08}
}

@ARTICLE{EM-dempster77,
  author = {A.P. Dempster and N.M. Laird and B.D. Rubin},
  title = {Maximum Likelihood from Incomplete Data via the {EM} algorithm},
  journal = {Journal of the Royal Statistical Society},
  year = {1977},
  volume = {39},
  pages = {1-38},
  owner = {papa},
  timestamp = {2012.08.09}
}

@ARTICLE{dikmen10-tsalp,
  author = {Dikmen, O. and Cemgil, A. T.},
  title = {Gamma {M}arkov Random Fields for Audio Source Modelling},
  journal = {IEEE Transactions on Audio, Speech, and Language Processing},
  year = {2010},
  volume = {18},
  pages = {589-601},
  number = {3},
  month = mar,
  doi = {http://dx.doi.org/10.1109/TASL.2009.2031778},
  owner = {papa},
  timestamp = {2012.05.14}
}

@CONFERENCE{dikmen_bayesian_NMF09,
  author = {O. Dikmen and Cemgil, {A.T.}},
  title = {Unsupervised Single-channel Source Separation using {B}ayesian {NMF}},
  booktitle = {Proc. of the 2009 IEEE Workshop on. App. of Signal Proc. to Audio
	and Acoust. (WASPAA)},
  year = {2009},
  pages = {93-96},
  address = {NY, USA},
  month = oct,
  owner = {liutkus},
  timestamp = {2010.03.15}
}

@BOOK{Dumitrescu2007positivepolynomials,
  title = {Positive Trigonometric Polynomials and Signal Processing Applications},
  publisher = {Springer Publishing Company, Incorporated},
  year = {2007},
  author = {Dumitrescu, B.},
  isbn = {1402051247, 9781402051241},
  owner = {papa},
  timestamp = {2012.05.14}
}

@INPROCEEDINGS{duongICASSP2011_multichannel_percussive_sep,
  author = {N.Q.K. Duong and H. Tachibana and E. Vincent and N. Ono and R. Gribonval
	and S. Sagayama},
  title = {{Multichannel harmonic and percussive component separation by joint
	modeling of spatial and spectral continuity}},
  booktitle = {{Acoustics, Speech and Signal Processing, IEEE Conference on (ICASSP'11)}},
  year = {2011},
  address = {Prague, Czech Republic},
  month = Jan,
  owner = {antoine},
  timestamp = {2014.01.08}
}

@INPROCEEDINGS{duongICASSP2011_acoustically_motivated,
  author = {N.Q.K. Duong and E. Vincent and R. Gribonval},
  title = {{An acoustically-motivated spatial prior for under-determined reverberant
	source separation}},
  booktitle = {{Acoustics, Speech and Signal Processing, IEEE Conference on (ICASSP'11)}},
  year = {2011},
  address = {Prague, Czech Republic},
  month = Feb,
  owner = {antoine},
  timestamp = {2014.01.08}
}

@ARTICLE{duong_TSALP2010,
  author = {Duong, N.Q.K. and Vincent, E. and Gribonval, R.},
  title = {Under-Determined Reverberant Audio Source Separation Using a Full-Rank
	Spatial Covariance Model},
  journal = {IEEE Trans. on Audio, Speech, and Lang. Proc.},
  year = {2010},
  volume = {18},
  pages = {1830 -1840},
  number = {7},
  month = {Sept.},
  doi = {10.1109/TASL.2010.2050716},
  issn = {1558-7916},
  keywords = {audio source separation;blind source separation;covariance encodes;full-rank
	unconstrained model;iterative expectation-maximization algorithms;mixture
	channels;spatial characteristics;spatial covariance model;time frequency
	domain;underdetermined reverberant;zero-mean Gaussian random variable;audio
	signal processing;covariance analysis;source separation;},
  owner = {papa},
  timestamp = {2012.05.14}
}

@INPROCEEDINGS{duongICASSP2010_spatialcov,
  author = {N.Q.K Duong and E. Vincent and R. Gribonval},
  title = {{Under-determined convolutive blind source separation using spatial
	covariance models}},
  booktitle = {{Acoustics, Speech and Signal Processing, IEEE Conference on (ICASSP'10)}},
  year = {2010},
  pages = {9--12},
  address = {Dallas, United States},
  month = Mar,
  owner = {antoine},
  timestamp = {2014.01.08}
}

@INPROCEEDINGS{duongLVA2010,
  author = {N.Q.K. Duong and E. Vincent and R. Gribonval},
  title = {{Under-Determined Reverberant Audio Source Separation Using Local
	Observed Covariance and Auditory-Motivated Time-Frequency Representation}},
  booktitle = {{Latent Variable Analysis and Signal Separation, 9th International
	Conference on}},
  year = {2010},
  volume = {6365},
  pages = {73--80},
  address = {Saint-Malo, France},
  month = {Sep.},
  owner = {antoine},
  timestamp = {2014.01.08}
}

@INPROCEEDINGS{Durrieu2012aUser,
  author = {J.L. Durrieu and J.P. Thiran},
  title = {Musical Audio Source Separation Based on User-Selected {F}0 Track},
  booktitle = {Proc. of International Conference on Latent Variable Analysis and
	Signal Separation},
  year = {2012},
  address = {Tel-Aviv, Israel},
  month = {March 12-15},
  owner = {papa},
  timestamp = {2012.01.06}
}

@ARTICLE{durrieu_revue2011,
  author = {Durrieu, J.-L. and David, B. and Richard, G.},
  title = {A Musically Motivated Mid-Level Representation for Pitch Estimation
	and Musical Audio Source Separation},
  journal = {Selected Topics in Signal Processing, IEEE Journal of},
  year = {2011},
  volume = {5},
  pages = {1180 -1191},
  number = {6},
  month = {oct. },
  doi = {10.1109/JSTSP.2011.2158801},
  issn = {1932-4553},
  owner = {papa},
  timestamp = {2012.05.14}
}

@CONFERENCE{sourcefiltre_stereo09,
  author = {J.-L. Durrieu and A. Ozerov. and C. F\'evotte and G. Richard and
	B. David},
  title = {Main Instrument Separation from Stereophonic Audio Signals using
	a Source/Filter Model},
  booktitle = {Proc.~17th European Signal Proc. Conf. ({EUSIPCO}'09)},
  year = {2009},
  pages = {15--19},
  address = {Glasgow, UK},
  month = aug,
  owner = {antoine},
  timestamp = {2010.04.01},
  url = {http://www.tsi.enst.fr/~fevotte/Proceedings/eusipco09_2.pdf}
}

@CONFERENCE{sourcefiltre_mono,
  author = {Durrieu, J.-L. and Richard, G. and David, B.},
  title = {An iterative approach to monaural musical mixture de-soloing},
  booktitle = {Proc. IEEE Intl. Conf. Acoust. Speech Signal Processing (ICASSP'09)},
  year = {2009},
  pages = {105--108},
  address = {Washington, DC, USA},
  month = apr,
  doi = {http://dx.doi.org/10.1109/ICASSP.2009.4959531},
  isbn = {978-1-4244-2353-8},
  owner = {antoine},
  timestamp = {2010.04.01}
}

@CONFERENCE{source_filter_2008,
  author = {Durrieu, J.-L. and G. Richard and B. David},
  title = {Singer melody extraction in polyphonic signals using source separation
	methods},
  booktitle = {Proc. IEEE Intl. Conf. Acoust. Speech Signal Processing (ICASSP'08)},
  year = {2008},
  address = {Las Vegas, USA},
  month = mar,
  journal = {ICASSP},
  owner = {liutkus},
  timestamp = {2010.01.22}
}

@ARTICLE{JLD:JSTSP11,
  author = {J.-L. {Durrieu} and B. {David} and G. {Richard}},
  title = {A musically motivated mid-level representation for pitch estimation
	and musical audio source separation},
  journal = {IEEE Journal of Selected Topics in Signal Processing},
  year = {2011},
  month = oct,
  annote = {category=article state=toappear project=audiosig dept=tsi group=aao
	id=11274},
  owner = {liutkus},
  timestamp = {2012.02.14}
}

@INCOLLECTION{EwertM12_ScoreInformedSourceSeparation_Dagstuhl,
  author = {Ewert, S. and M{\"u}ller, M.},
  title = {Score Informed Source Separation},
  booktitle = {Multimodal Music Processing},
  publisher = {Schloss Dagstuhl--Leibniz-Zentrum fuer Informatik},
  year = {2012},
  editor = {Meinard M{\"u}ller, Masataka Goto, and Markus Schedl},
  series = {Dagstuhl Follow-Ups},
  address = {Dagstuhl, Germany},
  owner = {antoine},
  timestamp = {2014.01.08},
  url = {http://drops.dagstuhl.de/opus/volltexte/2012/3467/pdf/6.pdf}
}

@INPROCEEDINGS{EwertM12_ScoreInformedNMF_ICASSP,
  author = {Ewert, S. and M{\"u}ller, M.},
  title = {Using Score-Informed Constraints For {NMF}-Based Source Separation},
  booktitle = {Proceedings of the {IEEE} International Conference on Acoustics,
	Speech, and Signal Processing ({ICASSP})},
  year = {2012},
  address = {Kyoto, Japan},
  month = mar,
  owner = {antoine},
  timestamp = {2014.01.08}
}

@INPROCEEDINGS{EwertM11_ScoreInformedSeparation_ISMIR,
  author = {Ewert, S. and M{\"u}ller, M.},
  title = {Score-Informed Voice Separation for Piano Recordings},
  booktitle = {Proceedings of the International Society for Music Information Retrieval
	Conference({ISMIR})},
  year = {2011},
  pages = {245--250},
  address = {Miami, USA},
  owner = {liutkus},
  timestamp = {2012.02.14}
}

@ARTICLE{EMIYA2011_sseval,
  author = {V. {E}miya and E. {V}incent and N. {H}arlander and V. {H}ohmann},
  title = { {S}ubjective and objective quality assessment of audio source separation},
  journal = {{IEEE} {T}ransactions on {A}udio, {S}peech, and {L}anguage {P}rocessing
	},
  year = {2011},
  month = {01},
  day = {31},
  owner = {papa},
  publisher = {{IEEE} },
  timestamp = {2012.08.10}
}

@ARTICLE{techreport_NMF,
  author = {C. F\'evotte and N. Bertin and J.-L. Durrieu},
  title = {Nonnegative matrix factorization with the {I}takura-{S}aito divergence.
	{W}ith application to music analysis},
  journal = {Neural Computation},
  year = {2009},
  volume = {21},
  pages = {793-830},
  number = {3},
  month = mar,
  doi = {http://dx.doi.org/10.1162/neco.2008.04-08-771},
  owner = {antoine},
  timestamp = {2010.04.01},
  url = {http://www.tsi.enst.fr/~fevotte/Journals/neco09_is-nmf.pdf}
}

@INPROCEEDINGS{fevotte_cardoso_waspaa05-1,
  author = {C.~F\'evotte and J.-F.~Cardoso},
  title = {Maximum likelihood approach for blind audio source separation using
	time-frequency {G}aussian models},
  booktitle = {Proc.~IEEE Workshop on Applications of Signal Processing to Audio
	and Acoustics (WASPAA)},
  year = {2005},
  pages = {78-81},
  address = {New Paltz, NY, USA},
  month = {Oct.},
  doi = {http://dx.doi.org/10.1109/ASPAA.2005.1540173},
  owner = {antoine},
  timestamp = {2014.01.08},
  url = {http://www.tsi.enst.fr/~fevotte/Proceedings/waspaa05_1.pdf}
}

@INPROCEEDINGS{fevotte_cmmr10,
  author = {C.~F\'evotte and A.~Ozerov},
  title = {Notes on nonnegative tensor factorization of the spectrogram for
	audio source separation~: statistical insights and towards self-clustering
	of the spatial cues},
  booktitle = {Proc. CMMR},
  year = {2010},
  pages = {102-115},
  address = {Malaga, Spain},
  owner = {antoine},
  timestamp = {2014.01.08}
}

@ARTICLE{EM-superimposedFeder,
  author = {M. Feder and E. Weinstein},
  title = {Parameter Estimation of Superimposed Signals Using the {EM} Algorithm},
  journal = {IEEE Transactions on Acoustics},
  year = {1988},
  volume = {36},
  pages = {477-489},
  owner = {papa},
  timestamp = {2012.08.10}
}

@INPROCEEDINGS{FitzgeraldREPETsim,
  author = {D. FitzGerald},
  title = {Vocal Separation Using Nearest Neighbours and Median Filtering},
  booktitle = {Proc. ISSC},
  year = {2012},
  pages = {583--588},
  address = {Maynooth},
  owner = {liutkus},
  timestamp = {2013.03.07}
}

@INPROCEEDINGS{fitzMedianDrums2010,
  author = {D. Fitzgerald},
  title = {Harmonic/percussive separation using median filtering},
  booktitle = {Proc. DAFx},
  year = {2010},
  address = {Graz, Austria },
  month = sep,
  owner = {nerim},
  timestamp = {2012.01.08}
}

@INPROCEEDINGS{Fitzgerald06soundsource,
  author = {D. Fitzgerald and M. Cranitch},
  title = {Sound Source Separation using Shifted Non-negative Tensor Factorisation},
  booktitle = {Proc. ICASSP},
  year = {2006},
  address = {Toulouse, France},
  month = {May},
  owner = {antoine},
  timestamp = {2014.01.08}
}

@ARTICLE{fitzgerald2008extended,
  author = {FitzGerald, D. and Cranitch, M. and Coyle, E.},
  title = {Extended nonnegative tensor factorisation models for musical sound
	source separation},
  journal = {Computational Intelligence and Neuroscience},
  year = {2008},
  volume = {2008},
  pages = {15 pages},
  note = {Article ID 872425},
  publisher = {Hindawi Publishing Corporation}
}

@INPROCEEDINGS{NMF-betadivUR,
  author = {D. FitzGerald and M. Cranitch and E. Coyle},
  title = {On the use of the Beta Divergence for Musical Source Separation},
  booktitle = {Proc. ISSC},
  year = {2008},
  address = {Galway, Ireland},
  month = {Jun.},
  owner = {liutkus},
  timestamp = {2010.05.26}
}

@INPROCEEDINGS{fitzgerald2005non,
  author = {FitzGerald, D. and Cranitch, M. and Coyle, E.},
  title = {Non-negative tensor factorisation for sound source separation},
  booktitle = {Proc. ISSC},
  year = {2005},
  address = {Dublin, Ireland},
  journal = {Proc. of Irish Signals and Systems Conference}
}

@INPROCEEDINGS{Maskingfunctions,
  author = {D. Fitzgerald and R. Jaiswal},
  title = {On the use of Masking Filters in Sound Source Separation},
  booktitle = {Proc. DAFx},
  year = {2012},
  address = {York, UK}
}

@CONFERENCE{FitzgeraldKAMHPdafx,
  author = {D. Fitzgerald and A. Liutkus and Z. Rafii and B. Pardo and L. Daudet},
  title = {Harmonic/Percussive Separation Using {K}ernel {A}dditive {M}odelling},
  booktitle = {Proc. ISSC},
  year = {2014},
  owner = {aliutkus},
  timestamp = {2014.04.22}
}

@INPROCEEDINGS{Fuentes2012_user_EUSIPCO,
  author = {Fuentes, B and Badeau, R and Richard, G},
  title = {{Blind Harmonic Adaptive Decomposition Applied to Supervised Source
	Separation}},
  booktitle = {Proceedings European Signal Processing Conference (EUSIPCO 2012)},
  year = {2012},
  address = {Bucharest, Romania}
}

@CONFERENCE{monopitch_fuentes_2010_2010,
  author = {B. Fuentes and R. Badeau and G. Richard},
  title = {Adaptive harmonic time-frequency decomposition of audio using shift-invariant
	PLCA},
  booktitle = {Proc. IEEE Intl. Conf. Acoust. Speech Signal Processing (ICASSP'10)},
  year = {2010},
  address = {Prague, Czech Republic},
  month = {may},
  owner = {antoine},
  timestamp = {2011.08.17}
}

@INPROCEEDINGS{fuentes_CQT_2012,
  author = {B. Fuentes and A. Liutkus and R. Badeau and G. Richard},
  title = {Probabilistic Model for Main Melody Extraction Using Constant-{Q}
	Transform},
  booktitle = {Proceedings IEEE Int. Conference on Acoustics, Speech and Signal
	Processing (ICASSP'2012)},
  year = {2012},
  month = mars,
  location = {Kyoto, Japan},
  owner = {antoine},
  timestamp = {2014.01.08}
}

@CONFERENCE{RelativePitchEstimation-MysoreSmaragdis09,
  author = {G.J. Mysore, P. Smaragdis},
  title = {Relative Pitch Estimation of Multiple Instruments},
  booktitle = {Proc. IEEE Intl. Conf. Acoust. Speech Signal Processing (ICASSP'09)},
  year = {2009},
  pages = {313-316},
  owner = {antoine},
  timestamp = {2009.12.01}
}

@TECHREPORT{circularSymmetricGallager,
  author = {R. Gallager},
  title = {{Circularly Symmetric Complex Gaussian Random Vectors - A Tutorial}},
  institution = {Massachusetts Institute of Technology},
  year = {2008},
  citeulike-article-id = {7054892},
  citeulike-linkout-0 = {http://www.rle.mit.edu/rgallager/documents/CircSymGauss.pdf},
  owner = {antoine},
  posted-at = {2010-04-22 00:33:12},
  priority = {2},
  timestamp = {2014.01.08},
  url = {http://www.rle.mit.edu/rgallager/documents/CircSymGauss.pdf}
}

@INPROCEEDINGS{Ganseman2010,
  author = {J. Ganseman and G. J. Mysore and J.S. Abel and P. Scheunders},
  title = {Source Separation by Score Synthesis},
  booktitle = {International Computer Music Conference (ICMC 2010)},
  year = {2010},
  address = {New York, NY, USA},
  month = {June},
  owner = {Aliosha},
  timestamp = {2010.10.07}
}

@ARTICLE{georgiou1999alpha,
  author = {P. Georgiou and P. Tsakalides and C. Kyriakakis},
  title = {Alpha-stable modeling of noise and robust time-delay estimation in
	the presence of impulsive noise},
  journal = {IEEE Transactions on Multimedia},
  year = {1999},
  volume = {1},
  pages = {291--301},
  number = {3},
  publisher = {IEEE}
}

@BOOK{golub2012matrix,
  title = {Matrix computations},
  publisher = {JHU Press},
  year = {2012},
  author = {Golub, Gene H and Van Loan, Charles F},
  volume = {3}
}

@INPROCEEDINGS{gorlow2011,
  author = {Gorlow, S. and Marchand, S.},
  title = {Informed source separation: Underdetermined source signal recovery
	from an instantaneous stereo mixture},
  booktitle = {IEEE Workshop on Applications of Signal Processing to Audio and Acoustics
	(WASPAA)},
  year = {2011},
  pages = {309 -312},
  month = oct,
  doi = {10.1109/ASPAA.2011.6082312},
  issn = {1931-1168},
  owner = {papa},
  timestamp = {2012.05.14}
}

@TECHREPORT{Gray01toeplitzand,
  author = {Robert M. Gray},
  title = {Toeplitz and Circulant Matrices: A review},
  institution = {Deptartment of Electrical Engineering, Stanford University},
  year = {2001},
  owner = {antoine},
  timestamp = {2014.01.08}
}

@INPROCEEDINGS{greenberg1997modulation,
  author = {S. Greenberg and B. Kingsbury},
  title = {The modulation spectrogram: In pursuit of an invariant representation
	of speech},
  booktitle = {Proc. ICASSP},
  year = {1997},
  volume = {3},
  pages = {1647--1650},
  address = {Munich, Germany},
  month = {Apr.}
}

@INPROCEEDINGS{Gribonval_ICASSP02,
  author = {R. Gribonval},
  title = {Sparse decomposition of stereo signals with matching pursuit and
	application to blind separation of more than two sources from a stereo
	mixture},
  booktitle = {Acoustics, Speech and Signal Processing (ICASSP), 2002 IEEE International
	Conference on},
  year = {2002},
  owner = {papa},
  timestamp = {2012.05.18}
}

@ARTICLE{GriffinLim,
  author = {D.W. Griffin and J.S. Lim},
  title = {Signal estimation from modified short-time {F}ourier transform},
  journal = {IEEE Transactions on Acoustics, Speech, and Signal Processing},
  year = {1984},
  volume = {32(2)},
  pages = {236--243},
  owner = {papa},
  timestamp = {2012.05.14}
}

@ARTICLE{halko2011finding,
  author = {N. Halko and P. Martinsson and J. Tropp},
  title = {Finding structure with randomness: Probabilistic algorithms for constructing
	approximate matrix decompositions},
  journal = {SIAM review},
  year = {2011},
  volume = {53},
  pages = {217--288},
  number = {2},
  owner = {antoine},
  publisher = {SIAM},
  timestamp = {2014.09.22}
}

@INPROCEEDINGS{informedSepOrchestraSolois2010,
  author = {Y. Han and C. Raphael},
  title = {Informed Source Separation of Orchestra and Soloist},
  booktitle = {Proceedings of the 11th International Society for Music Information
	Retrieval Conference (ISMIR)},
  year = {2010},
  pages = {315-320},
  owner = {liutkus},
  timestamp = {2012.09.03}
}

@INPROCEEDINGS{rythmics-virtanen,
  author = {M. Hel\'{e}n and T. Virtanen},
  title = {Separation of drums from polyphonic music using non-negative matrix
	factorization and support vector machine},
  booktitle = {Proc. 13th European Signal Processing Conference (EUSIPCO)},
  year = {2005},
  address = {Antalaya, Turkey},
  owner = {papa},
  timestamp = {2012.05.14}
}

@PHDTHESIS{Romain_these2011,
  author = {R. Hennequin},
  title = {D\'ecomposition de spectrogrammes musicaux inform\'ee par des mod\`eles
	de synth\`ese spectrale},
  school = {Telecom ParisTech},
  year = {2011},
  address = {Paris, France},
  month = dec,
  owner = {liutkus},
  timestamp = {2012.07.17}
}

@ARTICLE{hennequin2011nmf,
  author = {Hennequin, R. and Badeau, R. and David, B.},
  title = {{NMF} with time--frequency activations to model nonstationary audio
	events},
  journal = {{IEEE} Trans. on Audio, Speech, and Language Processing},
  year = {2011},
  volume = {19},
  pages = {744--753},
  number = {4},
  date-added = {2014-03-15 22:13:50 +0000},
  date-modified = {2014-03-15 22:13:50 +0000},
  publisher = {IEEE}
}

@INPROCEEDINGS{HennequinICASSP2011,
  author = {R. Hennequin and B. David and R. Badeau},
  title = {Score Informed Audio source Separation Using a Parametric Model of
	Non-Negative Spectrogram},
  booktitle = {IEEE International Conference on Acoustics, Speech, and Signal Processing},
  year = {2011},
  address = {Prague, Czech Republic},
  month = {may},
  owner = {liutkus},
  timestamp = {2012.02.14}
}

@INPROCEEDINGS{Huang_RPCA_Separation_ICASSP2012,
  author = {P.-S. Huang and S. D. Chen and P. Smaragdis and M. Hasegawa-Johnson},
  title = {Singing-Voice Separation From Monaural Recordings Using Robust Principal
	Component Analysis},
  booktitle = {IEEE International Conference on Acoustics, Speech and Signal Processing
	(ICASSP)},
  year = {2012},
  address = {Kyoto, Japan},
  month = mar,
  owner = {antoine},
  timestamp = {2014.01.08}
}

@BOOK{jaynes2003,
  title = {{Probability Theory: The Logic of Science}},
  publisher = {Cambridge University Press},
  year = {2003},
  author = {Jaynes, E. T. and Bretthorst, G. L.},
  biburl = {http://www.bibsonomy.org/bibtex/25c855ba97439be396e1bbc837e871d67/3mta3},
  file = {jaynes2003.pdf:Books/jaynes2003.pdf:PDF},
  interhash = {75d481d587e94dbc1eea3a4c8f2089b0},
  intrahash = {5c855ba97439be396e1bbc837e871d67},
  keywords = {jabref:noKeywordAssigned},
  owner = {papa},
  timestamp = {2012.05.14},
  url = {http://omega.math.albany.edu:8008/JaynesBook.html}
}

@ARTICLE{EEGseparation2000,
  author = {T-P. Jung and S. Makeig and C. Humphries and T-W. Lee and M. J. McKeown
	and V. Iragui and T. J. Sejnowski},
  title = {Removing electroencephalographic artifacts by blind source separation},
  journal = {Psychophysiology},
  year = {2000},
  volume = {37},
  pages = {163-178},
  owner = {liutkus},
  timestamp = {2012.09.03}
}

@PHDTHESIS{kidmose2001blind,
  author = {P. Kidmose},
  title = {Blind separation of heavy tail signals},
  year = {2001},
  publisher = {Institute of Mathematical Modelling, Technical University of Denmark}
}

@ARTICLE{kingsbury1998ASRmodulation,
  author = {B. Kingsbury and N. Morgan and S. Greenberg},
  title = {Robust speech recognition using the modulation spectrogram},
  journal = {Speech communication},
  year = {1998},
  volume = {25},
  pages = {117--132},
  number = {1},
  publisher = {Elsevier}
}

@INPROCEEDINGS{kinnunen2008modulation,
  author = {T. Kinnunen and K. Lee and H. Li},
  title = {Dimension reduction of the modulation spectrogram for speaker verification},
  booktitle = {Proc. Odyssey},
  year = {2008},
  pages = {30},
  address = {Stellenbosch, South Africa}
}

@ARTICLE{closemickokkinis2010unmixing,
  author = {E. Kokkinis and J. Mourjopoulos},
  title = {Unmixing acoustic sources in real reverberant environments for close-microphone
	applications},
  journal = {Journal of the Audio Engineering Society},
  year = {2010},
  volume = {58},
  pages = {907--922},
  number = {11},
  publisher = {Audio Engineering Society}
}

@CONFERENCE{LeRoux-consistent-filtering,
  author = {J. {Le Roux} and E. Vincent and Y. Mizuno and H. Kameoka and N. Ono
	and S. Sagayama},
  title = {Consistent {Wiener} Filtering: Generalized Time-Frequency Masking
	Respecting Spectrogram Consistency},
  booktitle = {Proc. 9th International Conference on Latent Variable Analysis and
	Signal Separation (LVA/ICA 2010)},
  year = {2010},
  pages = {89--96},
  address = {St. Malo, France},
  month = sep,
  owner = {papa},
  timestamp = {2012.05.14}
}

@CONFERENCE{alpha-wiener,
  author = {A. Liutkus and R. Badeau},
  title = {Generalized {W}iener Filtering with fractional power spectrograms},
  booktitle = {Proc. ICASSP},
  year = {2015},
  address = {Brisbane, Australia},
  month = {April},
  owner = {antoine},
  timestamp = {2014.11.03}
}

@INPROCEEDINGS{liutkusParametricISS2013,
  author = {Liutkus, A. and Badeau, R. and Richard,G.},
  title = {Low bitrate informed source separation of realistic mixtures},
  booktitle = {IEEE International Conference on Acoustics, Speech and Signal Processing
	(ICASSP)},
  year = {2013},
  month = {may},
  note = {soumis},
  owner = {liutkus},
  timestamp = {2012.01.08}
}

@INPROCEEDINGS{GP-SS-SSP2011,
  author = {A. Liutkus and R. Badeau and G. Richard},
  title = {Multi-dimensional Signal Separation with Gaussian Processes},
  booktitle = {Proc. of IEEE Conf. on Statistical Signal Processing (SSP2011)},
  year = {2011},
  address = {Nice, France},
  owner = {nerim},
  timestamp = {2011.05.23}
}

@ARTICLE{GP-USS-TSP,
  author = {Liutkus, A. and Badeau, R. and Richard, G.},
  title = {Gaussian Processes for Underdetermined Source Separation},
  journal = {IEEE Trans. on Signal Processing},
  year = {2011},
  volume = {59},
  pages = {3155 -3167},
  number = {7},
  month = {Jul.},
  doi = {10.1109/TSP.2011.2119315},
  issn = {1053-587X},
  owner = {papa},
  timestamp = {2012.05.14}
}

@INPROCEEDINGS{Liutkus2010,
  author = {A. Liutkus and R. Badeau and G. Richard},
  title = {Informed source separation using latent components},
  booktitle = {9th International Conference on Latent Variable Analysis and Signal
	Separation (LVA/ICA'10)},
  year = {2010},
  address = {St Malo, France},
  owner = {Aliosha},
  timestamp = {2010.10.07}
}

@CONFERENCE{liutkusWIAMIS2013,
  author = {A. Liutkus and J-L. Durrieu and L. Daudet and G. Richard},
  title = {{An overview of informed audio source separation}},
  booktitle = {Workshop on Image Analysis for Multimedia Interactive Services {WIAMIS}},
  year = {2013},
  pages = {1-4},
  address = {Paris, France},
  month = Jul,
  doi = {10.1109/WIAMIS.2013.6616139}
}

@INPROCEEDINGS{liutkusNMFcauchy,
  author = {A. Liutkus and D. FitzGerald and R. Badeau},
  title = {Cauchy Nonnegative Matrix Factorization},
  booktitle = {IEEE Workshop Applications of Signal Processing to Audio and Acoustics
	(WASPAA)},
  year = {2015},
  address = {New Paltz, New York, USA},
  month = oct,
  owner = {rbadeau},
  timestamp = {2011.09.01}
}

@ARTICLE{KAM,
  author = {A. Liutkus and D. Fitzgerald and Z. Rafii and B. Pardo and L. Daudet},
  title = {Kernel Additive Models for Source Separation},
  journal = {IEEE Transactions on Signal Processing},
  year = {2014},
  volume = {62},
  pages = {4298-4310},
  number = {16},
  month = {Aug},
  doi = {10.1109/TSP.2014.2332434},
  issn = {1053-587X}
}

@INPROCEEDINGS{liutkus_ISS_comparative_2012,
  author = {A. Liutkus and S. Gorlow and N. Sturmel and S. Zhang and L. Girin
	and R. Badeau and L. Daudet and S. Marchand and G. Richard},
  title = {Informed Source Separation~: a Comparative Study},
  booktitle = {Proceedings European Signal Processing Conference (EUSIPCO 2012)},
  year = {2012},
  month = aug,
  location = {Bucarest, Romania},
  owner = {liutkus},
  timestamp = {2012.09.03}
}

@CONFERENCE{liutkus2010_common_signal_separation,
  author = {A. Liutkus and P. Leveau},
  title = {Separation of Music+Effects Sound Track from Several International
	Versions of the Same Movie},
  booktitle = {Audio Engineering Society Convention 128},
  year = {2010},
  month = may,
  url = {http://www.aes.org/e-lib/browse.cfm?elib=15328}
}

@INPROCEEDINGS{liutkusNMF_FIM,
  author = {A. Liutkus and T. Olubanjo and E. Moore and M. Ghovanloo},
  title = {Source Separation for Target Enhancement of Food Intake Acoustics
	from Noisy Recordings},
  booktitle = {Proc. WASPAA},
  year = {2015},
  address = {New Paltz, New York, USA},
  month = oct,
  owner = {rbadeau},
  timestamp = {2011.09.01}
}

@INPROCEEDINGS{liutkus2012spatial,
  author = {Liutkus, A. and Ozerov, A. and Badeau, R. and Richard, G.},
  title = {Spatial coding-based informed source separation},
  booktitle = {Signal Processing Conference (EUSIPCO), 2012 Proceedings of the 20th
	European},
  year = {2012},
  pages = {2407--2411},
  organization = {IEEE},
  owner = {antoine},
  timestamp = {2014.01.08}
}

@ARTICLE{Liutkus2011,
  author = {A. Liutkus and J. Pinel and R. Badeau and L. Girin and G. Richard},
  title = {Informed source separation through spectrogram coding and data embedding},
  journal = {Signal Processing},
  year = {2012},
  volume = {92},
  pages = {1937 - 1949},
  number = {8},
  owner = {papa},
  timestamp = {2012.05.14}
}

@INPROCEEDINGS{liutkusREPET2011,
  author = {Liutkus, A. and Rafii, Z. and Badeau, R. and Pardo, B. and Richard,
	G.},
  title = {Adaptive filtering for music/voice separation exploiting the repeating
	musical structure},
  booktitle = {IEEE International Conference on Acoustics, Speech and Signal Processing
	(ICASSP)},
  year = {2012},
  pages = {53-56},
  address = {Kyoto, Japan},
  month = mar,
  owner = {nerim},
  timestamp = {2012.01.08}
}

@INPROCEEDINGS{KAMHSCMA,
  author = {A. Liutkus and Z. Rafii and B. Pardo and D. Fitzgerald and L. Daudet},
  title = {{Kernel Spectrogram models for source separation}},
  booktitle = {{Hands-free Speech Communication and Microphone Arrays (HSCMA)}},
  year = {2014},
  address = {Nancy, France},
  month = May,
  keywords = {audio source separation, spatial filtering, spectrogram models},
  url = {http://hal.inria.fr/hal-00959384}
}

@INPROCEEDINGS{magron2015phase,
  author = {Magron, Paul and Badeau, Roland and Bertrand, David},
  title = {Phase recovery in NMF for audio source separation: an insightful
	benchmark},
  booktitle = {Proc. ICASSP},
  year = {2015}
}

@INPROCEEDINGS{magron2015hrnmfbenchmark,
  author = {P. Magron and R. Badeau and B. David},
  title = {{Phase recovery in NMF for audio source separation: an insightful
	benchmark}},
  booktitle = {Proc. ICASSP},
  year = {2015},
  pages = {81-85},
  address = {Brisbane, Australia},
  month = Apr,
  url = {https://hal.archives-ouvertes.fr/hal-01110032}
}

@INPROCEEDINGS{marchandDream,
  author = {S. Marchand and R. Badeau and C. Baras and L. Daudet and D. Fourer
	and L. Girin and S. Gorlow and A. Liutkus and J. Pinel and G. Richard
	and N. Sturmel and S. Zhang},
  title = {{DReaM}: A novel system for joint source separation and multi-track
	coding},
  booktitle = {{133rd AES Convention}},
  year = {2012},
  address = {San Francisco, USA},
  month = Oct,
  url = {http://hal.inria.fr/hal-00809503}
}

@INPROCEEDINGS{markaki2009usingmodulation,
  author = {M. Markaki and Y. Stylianou},
  title = {Using modulation spectra for voice pathology detection and classification},
  booktitle = {Proc. EMBC},
  year = {2009},
  pages = {2514--2517},
  address = {Minneapolis, USA},
  month = {Sep.}
}

@ARTICLE{Miller1978346,
  author = {G. Miller},
  title = {Properties of certain symmetric stable distributions },
  journal = {Journal of Multivariate Analysis },
  year = {1978},
  volume = {8},
  pages = {346 - 360},
  number = {3},
  doi = {http://dx.doi.org/10.1016/0047-259X(78)90058-1},
  issn = {0047-259X}
}

@INCOLLECTION{nakano2010nonnegative,
  author = {Nakano, Masahiro and Le Roux, Jonathan and Kameoka, Hirokazu and
	Kitano, Yu and Ono, Nobutaka and Sagayama, Shigeki},
  title = {Nonnegative matrix factorization with Markov-chained bases for modeling
	time-varying patterns in music spectrograms},
  booktitle = {Latent Variable Analysis and Signal Separation},
  publisher = {Springer},
  year = {2010},
  pages = {149--156},
  date-added = {2014-03-15 22:26:19 +0000},
  date-modified = {2014-03-15 22:26:19 +0000}
}

@BOOK{nikias1995signal,
  title = {Signal processing with alpha-stable distributions and applications},
  publisher = {Wiley-Interscience},
  year = {1995},
  author = {C. Nikias and M. Shao}
}

@INPROCEEDINGS{Nikunen2010,
  author = {J. Nikunen and T. Virtanen},
  title = {Object-Based Audio Coding Using Non-Negative Matrix Factorization
	for the Spectrogram Representation},
  booktitle = {128th Audio Engineering Society Convention (AES 2010)},
  year = {2010},
  address = {London, UK},
  month = may,
  owner = {ozerov},
  timestamp = {2011.03.14}
}

@INPROCEEDINGS{Nikunen2011,
  author = {Nikunen, J. and Virtanen, T. and Vilermo, M.},
  title = {Multichannel audio upmixing based on non-negative tensor factorization
	representation},
  booktitle = {IEEE Workshop Applications of Signal Processing to Audio and Acoustics
	(WASPAA)},
  year = {2011},
  address = {New Paltz, New York, USA},
  month = oct,
  owner = {rbadeau},
  timestamp = {2011.09.01}
}

@INPROCEEDINGS{Ozerov2011,
  author = {A. Ozerov and C. F\'evotte and R. Blouet and J.-L. Durrieu},
  title = {Multichannel Nonnegative Tensor Factorization With Structured Constraints
	For User-Guided Audio Source Separation},
  booktitle = {Proc. ICASSP},
  year = {2011},
  pages = {257--260},
  address = {Prague},
  month = {May},
  owner = {Aliosha},
  timestamp = {2010.10.27}
}

@ARTICLE{Ozerov2010,
  author = {A. Ozerov and C. F{\'e}votte},
  title = {Multichannel nonnegative matrix factorization in convolutive mixtures
	for audio source separation},
  journal = {IEEE Transactions on Audio, Speech and Language Processing},
  year = {2010},
  volume = {18},
  pages = {550--563},
  number = {3},
  month = {March},
  owner = {ozerov},
  timestamp = {2009.01.03}
}

@ARTICLE{Ozerov2011a,
  author = {A. Ozerov and W.B. Kleijn},
  title = {Asymptotically optimal model estimation for quantization},
  journal = {IEEE Transactions on Communications},
  year = {2011},
  volume = {59},
  pages = {1031--1042},
  number = {4},
  month = {April},
  owner = {ozerov},
  timestamp = {2011.01.04}
}

@ARTICLE{ozerov:uncertainty,
  author = {A. Ozerov and M. Lagrange and E. Vincent},
  title = {{Uncertainty-based learning of acoustic models from noisy data}},
  journal = {{Computer Speech and Language}},
  year = {2012},
  month = Jul,
  owner = {antoine},
  publisher = {Elsevier},
  timestamp = {2012.12.16},
  url = {http://hal.inria.fr/hal-00717992}
}

@ARTICLE{ozerov2012-codingTASLP,
  author = {A. Ozerov and A. Liutkus and R. Badeau and G. Richard},
  title = {Coding-based Informed Source Separation: Nonnegative Tensor Factorization
	Approach},
  journal = {IEEE Trans. on Audio, Speech and Language Processing},
  year = {2012},
  owner = {papa},
  timestamp = {2012.08.12}
}

@INPROCEEDINGS{ozerov2005oms,
  author = {Ozerov, A. and Philippe, P. and Gribonval, R. and Bimbot, F.},
  title = {{One microphone singing voice separation using source-adapted models}},
  booktitle = {IEEE Workshop Applications of Signal Processing to Audio and Acoustics
	(WASPAA)},
  year = {2005},
  pages = {90--93},
  owner = {papa},
  timestamp = {2012.05.18}
}

@ARTICLE{ozerov2012general,
  author = {A. Ozerov and E. Vincent and F. Bimbot},
  title = {A general flexible framework for the handling of prior information
	in audio source separation},
  journal = {IEEE Trans. on Audio, Speech, and Language Processing},
  year = {2012},
  volume = {20},
  pages = {1118--1133},
  number = {4},
  owner = {antoine},
  publisher = {IEEE},
  timestamp = {2014.09.22}
}

@INPROCEEDINGS{GPSS,
  author = {S. Park and S. Choi},
  title = {{G}aussian processes for source separation.},
  booktitle = {Proc. IEEE Intl. Conf. Acoust. Speech Signal Processing (ICASSP'08)},
  year = {2008},
  volume = {18},
  pages = {1909-1912},
  address = {Las Vegas, USA},
  month = mar,
  owner = {papa},
  timestamp = {2012.05.14}
}

@ARTICLE{Parvaix2011,
  author = {Parvaix, M. and Girin, L.},
  title = {Informed Source Separation of Linear Instantaneous Under-Determined
	Audio Mixtures by Source Index Embedding},
  journal = {IEEE Transactions on Audio, Speech, and Language Processing},
  year = {2011},
  volume = {19},
  pages = {1721 -1733},
  number = {6},
  month = aug,
  doi = {10.1109/TASL.2010.2097250},
  issn = {1558-7916},
  owner = {papa},
  timestamp = {2012.05.14}
}

@ARTICLE{Parvaix2010,
  author = {Parvaix, M. and Girin, L. and Brossier, J.-M.},
  title = {A Watermarking-Based Method for Informed Source Separation of Audio
	Signals With a Single Sensor},
  journal = {IEEE Transactions on Audio, Speech, and Language Processing},
  year = {2010},
  volume = {18},
  pages = {1464--1475},
  number = {6},
  doi = {10.1109/TASL.2009.2035216},
  owner = {Aliosha},
  timestamp = {2011.03.10}
}

@CONFERENCE{Par09,
  author = {M. Parvaix and L. Girin and J.-M. Brossier},
  title = {A Watermarking-Based Method for Single-Channel Audio Source Separation},
  booktitle = {IEEE International Conference on Acoustics, Speech and Signal Processing
	({ICASSP})},
  year = {2009},
  pages = {101-104},
  address = {Taipei, Taiwan},
  owner = {antoine},
  timestamp = {2011.05.12}
}

@INPROCEEDINGS{Parvaix2010a,
  author = {M. Parvaix and L. Girin and L. Daudet and J. Pinel and C. Baras},
  title = {Hybrid coding/indexing strategy for informed source separation of
	linear instantaneous under-determined audio mixtures},
  booktitle = {Proceedings of 20th International Congress on Acoustics},
  year = {2010},
  address = {Sydney, Australia},
  month = {Aug.},
  owner = {ozerov},
  timestamp = {2011.04.28}
}

@ARTICLE{PLUMBLEY-sparse,
  author = {M.D. {P}lumbley and T. {B}lumensath and L. {D}audet and R. {G}ribonval
	and M.E. {D}avies},
  title = { {S}parse {R}epresentations in {A}udio and {M}usic: from {C}oding
	to {S}ource {S}eparation},
  journal = {{P}roceedings of the {IEEE}. },
  year = {2010},
  volume = {98 },
  pages = {995--1005 },
  month = {06},
  owner = {antoine},
  publisher = {{IEEE} },
  timestamp = {2011.08.17}
}

@ARTICLE{RafiiREPETTASLP,
  author = {Z. Rafii and B. Pardo},
  title = {REpeating Pattern Extraction Technique ({REPET}): A Simple Method
	for Music/Voice Separation},
  journal = {IEEE Transactions on Audio, Speech {\&} Language Processing},
  year = {2013},
  volume = {21},
  pages = {71-82},
  number = {1},
  bibsource = {DBLP, http://dblp.uni-trier.de},
  ee = {http://dx.doi.org/10.1109/TASL.2012.2213249},
  owner = {antoine},
  timestamp = {2014.01.08}
}

@INPROCEEDINGS{RafiiREPETsim,
  author = {Z. Rafii and B. Pardo},
  title = {Music/Voice Separation Using the Similarity Matrix},
  booktitle = {Proceedings of the 13th International Conference on Music Information
	Retrieval (ISMIR)},
  year = {2012},
  pages = {583--588},
  owner = {liutkus},
  timestamp = {2013.03.07}
}

@INPROCEEDINGS{zafarREPET2010,
  author = {Rafii, Z. and Pardo, B.},
  title = {A simple music/voice separation method based on the extraction of
	the repeating musical structure},
  booktitle = {IEEE International Conference on Acoustics, Speech and Signal Processing
	(ICASSP)},
  year = {2011},
  pages = {221 -224},
  month = {may},
  doi = {10.1109/ICASSP.2011.5946380},
  issn = {1520-6149},
  keywords = {binary time-frequency masking;complex frameworks;labeling bins;music
	separation method;period boundary;popular songs;repeating musical
	structure extraction;repeating segment model;repetition;singer;song
	clips;spectrogram;time-frequency bin;varying lyrics;voice separation
	method;music;source separation;spectral analysis;time-frequency analysis;},
  owner = {papa},
  timestamp = {2012.05.14}
}

@ARTICLE{Raphael:scoreinformed2008,
  author = {C. Raphael},
  title = {A classifier-based approach to score-guided source separation of
	musical audio},
  journal = {Computer Music Journal},
  year = {2008},
  volume = {32},
  pages = {51--59},
  number = {1},
  month = mar,
  acmid = {1347009},
  address = {Cambridge, MA, USA},
  doi = {10.1162/comj.2008.32.1.51},
  issn = {0148-9267},
  issue_date = {Spring 2008},
  numpages = {9},
  owner = {antoine},
  publisher = {MIT Press},
  timestamp = {2014.01.08},
  url = {http://dx.doi.org/10.1162/comj.2008.32.1.51}
}

@BOOK{GP-livre,
  title = {{G}aussian Processes for Machine Learning (Adaptive Computation and
	Machine Learning)},
  publisher = {The MIT Press},
  year = {2005},
  author = {C. E. Rasmussen and C. K. I. Williams},
  isbn = {026218253X},
  owner = {papa},
  timestamp = {2012.05.14}
}

@BOOK{samoradnitsky1994stable,
  title = {Stable non-Gaussian random processes: stochastic models with infinite
	variance},
  publisher = {CRC Press},
  year = {1994},
  author = {G. Samoradnitsky and M. Taqqu},
  volume = {1}
}

@INPROCEEDINGS{schimmel2007modulation,
  author = {S. Schimmel and L. Atlas and K. Nie},
  title = {Feasibility of single channel speaker separation based on modulation
	frequency analysis},
  booktitle = {Acoustics, Speech and Signal Processing, 2007. ICASSP 2007. IEEE
	International Conference on},
  year = {2007},
  volume = {4},
  pages = {IV--605},
  organization = {IEEE}
}

@INPROCEEDINGS{GP-factorization,
  author = {M. N. Schmidt},
  title = {Function factorization using warped {G}aussian processes.},
  booktitle = {Int. Conf. on Machine Learning (ICML'09)},
  year = {2009},
  volume = {382},
  series = {ACM International Conference Proceeding Series},
  pages = {116},
  publisher = {ACM},
  date = {2009-06-16},
  description = {dblp},
  isbn = {978-1-60558-516-1},
  keywords = {dblp},
  owner = {papa},
  timestamp = {2012.05.14}
}

@ARTICLE{GPPNMF,
  author = {M. N. Schmidt and H. Laurberg},
  title = {Non-negative matrix factorization with {G}aussian process priors},
  journal = {Computational Intelligence and Neuroscience},
  year = {2008},
  volume = {ID 361705},
  owner = {papa},
  timestamp = {2012.05.14}
}

@INPROCEEDINGS{Schmidt06nonnegativematrix,
  author = {Mikkel N. Schmidt and Morten Mørup},
  title = {Nonnegative matrix factor 2D deconvolution for blind single channel
	source separation},
  booktitle = {in 6th International Conference on Independent Component Analysis
	and Blind Source Separation, Chareston, SC},
  year = {2006},
  pages = {700--707},
  publisher = {Springer}
}

@ARTICLE{GPintroSeeger,
  author = {M. Seeger},
  title = {Gaussian Processes For Machine Learning.},
  journal = {Int. J. Neural Syst.},
  year = {2004},
  volume = {14},
  pages = {69-106},
  number = {2},
  month = apr,
  biburl = {http://www.bibsonomy.org/bibtex/22b74b03d2f70156255f4f3d835f6c364/dblp},
  date = {2004-07-15},
  description = {dblp},
  ee = {http://dx.doi.org/10.1142/S0129065704001899},
  interhash = {5b637deeae8467ed34ca22f68e1d8003},
  intrahash = {2b74b03d2f70156255f4f3d835f6c364},
  keywords = {dblp},
  owner = {papa},
  timestamp = {2012.05.14},
  url = {http://dblp.uni-trier.de/db/journals/ijns/ijns14.html#Seeger04}
}

@INPROCEEDINGS{SimsekliScoreGuidedSeparation2012,
  author = {U. Simsekli and A.T. Cemgil},
  title = {Score Guided Musical Source Separation Using Generalized Coupled
	Tensor Factorization},
  booktitle = {Proceedings European Signal Processing Conference (EUSIPCO 2012)},
  year = {2012},
  month = aug,
  location = {Bucarest, Romania},
  owner = {antoine},
  timestamp = {2014.01.08}
}

@INPROCEEDINGS{Simsekli2012,
  author = {Simsekli, U. and Cemgil, A. T. and Yilmaz, Y. K.,},
  title = {Score Guided Audio Restoration via Generalised Coupled Tensor Factorisation},
  booktitle = {International Conference on Audio Speech and Signal Processing},
  year = {2012},
  address = {Kyoto, Japan},
  owner = {antoine},
  timestamp = {2012.12.16}
}

@ARTICLE{RelativePitchTracking-Smaragdis09,
  author = {P. Smaragdis},
  title = {Relative-Pitch Tracking of Multiple Arbitrary Sounds},
  journal = {Journal of the Ac. Soc. of America},
  year = {2009},
  volume = {125},
  pages = {3406-3413},
  owner = {antoine},
  timestamp = {2009.12.01}
}

@CONFERENCE{Separationbyhumming_smaragdis09,
  author = {P. Smaragdis},
  title = {Separation by Humming : User-Guided sound extraction from Monophonic
	Mixtures},
  booktitle = {IEEE Workshop on Applications of Signal Processing to Audio and Acoustics
	(WASPAA)},
  year = {2009},
  address = {New Paltz, NY, USA},
  month = oct,
  owner = {antoine},
  timestamp = {2009.12.01}
}

@ARTICLE{NMFD-Smaragdis04,
  author = {P. Smaragdis},
  title = {Non-negative Matrix Factor Deconvolution; Extraction of Multiple
	Sound Sources from Monophonic Inputs},
  journal = {Lecture Notes in Comp. Science},
  year = {2004},
  volume = {3195},
  pages = {494--499},
  booktitle = {Lecture Notes in Computer Science},
  owner = {antoine},
  timestamp = {2009.12.01}
}

@INPROCEEDINGS{smaragdis2003nmf,
  author = {P. Smaragdis and J. Brown},
  title = {Non-negative matrix factorization for polyphonic music transcription},
  booktitle = {Proc. WASPAA},
  year = {2003},
  pages = {177--180},
  address = {New Paltz, NY, USA},
  month = oct
}

@ARTICLE{sourceSepNMFReview2014,
  author = {Smaragdis, P. and F{\'e}votte, C. and Mysore, G.J. and Mohammadiha,
	N. and Hoffman, M.},
  title = {Static and Dynamic Source Separation Using Nonnegative Factorizations:
	A unified view},
  journal = {IEEE Signal Processing Magazine},
  year = {2014},
  volume = {31},
  pages = {66-75},
  number = {3},
  month = {May},
  doi = {10.1109/MSP.2013.2297715},
  issn = {1053-5888}
}

@INPROCEEDINGS{Smaragdis2009,
  author = {Smaragdis, P. and Mysore, G. J. },
  title = {Separation by "humming": {U}ser-guided sound extraction from monophonic
	mixtures},
  booktitle = {Proceedings IEEE Workshop Applications of Signal Processing to Audio
	and Acoustics (WASPAA)},
  year = {2009},
  pages = {69--72},
  abstract = {In this paper we present a novel approach for isolating and removing
	<span class='snippet'>sounds</span> <span class='snippet'>from</span>
	dense <span class='snippet'>monophonic</span> <span class='snippet'>mixtures</span>.
	The approach is <span class='snippet'>user</span>-based, and requires
	the presentation of a guide <span class='snippet'>sound</span> that
	mimics the desired target the <span class='snippet'>user</span> wishes
	to extract. The guide <span class='snippet'>sound</span> can be simply
	produced <span class='snippet'>from</span> a <span class='snippet'>user</span>
	by vocalizing or otherwise replicating the target <span class='snippet'>sound</span>
	marked for separation. Using that guide as a prior in a statistical
	<span class='snippet'>sound</span> <span class='snippet'>mixtures</span>
	model, we propose a methodology that allows us to efficiently extract
	complex structured <span class='snippet'>sounds</span> <span class='snippet'>from</span>
	dense <span class='snippet'>mixtures</span>.},
  doi = {10.1109/ASPAA.2009.5346542},
  owner = {Aliosha},
  timestamp = {2010.10.07}
}

@INPROCEEDINGS{stoeter2014,
  author = {F-R. St{\"o}ter and S. Bayer and B. Edler},
  title = {Unison Source Separation},
  booktitle = {Proc. DAFx},
  year = {2014},
  address = {Erlangen, Germany},
  month = {Sep.}
}

@ARTICLE{DSSsarela2005,
  author = {J. S{\"a}rel{\"a} and H. Valpola and M. Jordan},
  title = {Denoising Source Separation},
  journal = {Journal of Machine Learning Research},
  year = {2005},
  volume = {6},
  number = {3},
  owner = {antoine},
  timestamp = {2014.09.23}
}

@INPROCEEDINGS{tsihrintzis1998spectral,
  author = {G.A. Tsihrintzis and P. Tsakalides and C.L. Nikias},
  title = {Spectral methods for stationary harmonizable alpha-stable processes},
  booktitle = {European signal processing conference {(EUSIPCO)}},
  year = {1998},
  pages = {1833--1836},
  address = {Rhodes, Greece}
}

@ARTICLE{Vincent2012,
  author = {E. Vincent and S. Araki and F. Theis and G. Nolte and P. Bofill and
	H. Sawada and A. Ozerov and B. Gowreesunker and D. Lutter and N.
	Duong},
  title = {The Signal Separation Evaluation Campaign (2007--2010): {A}chievements
	and Remaining Challenges},
  journal = {Signal Processing},
  year = {2012},
  volume = {92},
  pages = {1928--1936},
  number = {8},
  owner = {Aliosha},
  timestamp = {2012.05.21}
}

@INPROCEEDINGS{vincent_localmodels_ica2009,
  author = {E. Vincent and S. Arberet and R. Gribonval},
  title = {{Underdetermined instantaneous audio source separation via local
	Gaussian modeling}},
  booktitle = {{Independent Component Analysis and Signal Separation. Lecture Notes
	in Computer Science.}},
  year = {2009},
  volume = {5441/2009},
  pages = {pp 775-782},
  address = {Paraty, Br{\'e}sil},
  publisher = {Springer-Verlag Berlin Heidelberg 2009},
  file = {2009\\_ICA\\_VincentArberetGribonval\\_LocalGaussianModeling.pdf:http\://hal.archives-ouvertes.fr/hal-00482223/PDF/2009\\_ICA\\_VincentArberetGribonval\\_LocalGaussianModeling.pdf:PDF},
  owner = {antoine},
  timestamp = {2014.01.08}
}

@ARTICLE{vincentSSoverview2014,
  author = {E. Vincent and N. Bertin and R. Gribonval and F. Bimbot},
  title = {From Blind to Guided Audio Source Separation: How models and side
	information can improve the separation of sound},
  journal = {IEEE Signal Processing Magazine},
  year = {2014},
  volume = {31},
  pages = {107-115},
  number = {3},
  month = {May},
  doi = {10.1109/MSP.2013.2297440},
  issn = {1053-5888}
}

@ARTICLE{Vincentbsseval06,
  author = {Vincent, E. and Gribonval, R. and F\'evotte, C.},
  title = {Performance measurement in blind audio source separation},
  journal = {IEEE Trans. on Audio, Speech, and Language Processing},
  year = {2006},
  volume = {14},
  pages = {1462 -1469},
  number = {4},
  month = jul,
  doi = {10.1109/TSA.2005.858005},
  issn = {1558-7916},
  keywords = {additive noise;algorithmic artifacts;blind audio source separation;distortions;interference;source
	estimation;time-invariant gains;time-varying filters;audio signal
	processing;blind source separation;distortion;time-varying filters;},
  owner = {papa},
  timestamp = {2012.05.14}
}

@ARTICLE{Vincent2007,
  author = {E. Vincent and R. Gribonval and M. Plumbley},
  title = {Oracle estimators for the benchmarking of source separation algorithms},
  journal = {Signal Processing},
  year = {2007},
  volume = {87},
  pages = {1933 -- 1950},
  number = {8},
  month = {Aug.},
  owner = {Aliosha},
  timestamp = {2011.05.11}
}

@INCOLLECTION{vincent_modelingparadigms2010,
  author = {E. Vincent and M.G. Jafari and A.S Abdallah and D.M. Plumbley and
	E.M. Davies},
  title = {{Probabilistic modeling paradigms for audio source separation}},
  booktitle = {{Machine Audition: Principles, Algorithms and Systems}},
  publisher = {IGI Global},
  year = {2010},
  pages = {162--185},
  doi = {10.4018/978-1-61520-919-4.ch007},
  owner = {papa},
  timestamp = {2012.05.14},
  url = {http://hal.inria.fr/inria-00544016/en}
}

@INPROCEEDINGS{Vinyes2006,
  author = {Vinyes, M. and Bonada, J. and Loscos, A.},
  title = {Demixing Commercial Music Productions via Human-Assisted Time-Frequency
	Masking},
  booktitle = {120th Audio Engineering Society Convention (AES 2006)},
  year = {2006},
  owner = {Aliosha},
  timestamp = {2010.10.07}
}

@ARTICLE{virtanen2007monaural,
  author = {Virtanen, T.},
  title = {Monaural sound source separation by nonnegative matrix factorization
	with temporal continuity and sparseness criteria},
  journal = {IEEE Trans. on Audio, Speech, and Language Processing},
  year = {2007},
  volume = {15},
  pages = {1066--1074},
  number = {3},
  publisher = {IEEE}
}

@CONFERENCE{Virtanen03algorithmfor,
  author = {T. Virtanen},
  title = {Algorithm for the separation of harmonic sounds with time-frequency
	smoothness constraint},
  booktitle = {Proc. of the 6th Conf. on Digital Audio Effects (DAFx-03)},
  year = {2003},
  pages = {35--40},
  address = {London, UK},
  month = sep,
  owner = {papa},
  timestamp = {2012.05.14}
}

@ARTICLE{wang2013towards,
  author = {Y. Wang and D. Wang},
  title = {Towards scaling up classification-based speech separation},
  journal = {IEEE Transactions on Audio, Speech, and Language Processing},
  year = {2013},
  volume = {21},
  pages = {1381--1390},
  number = {7},
  month = jul,
  publisher = {IEEE}
}

@INPROCEEDINGS{Yilmaz2011,
  author = {Yilmaz, K. Y. and Cemgil, A. T. and Simsekli, U},
  title = {Generalized Coupled Tensor Factorization},
  booktitle = {Neural Information Processing Systemes},
  year = {2011},
  owner = {antoine},
  timestamp = {2012.12.16}
}

@ARTICLE{Yilmaz2004,
  author = {Yilmaz, O. and Rickard, S.},
  title = {{Blind separation of speech mixtures via time-frequency masking}},
  journal = {IEEE Trans. on Signal Processing},
  year = {2004},
  volume = {52},
  pages = {1830--1847},
  number = {7},
  month = jul,
  owner = {liutkus},
  timestamp = {2010.03.15}
}

@TECHREPORT{rapportTechniqueZhang2012,
  author = {S. Zhang},
  title = {Informed Source Separation by Local Inversion},
  institution = {Gipsa-lab},
  year = {2012},
  note = {Projet ANR DReaM}
}

@INPROCEEDINGS{Zhang_ISS_compressedmix2013,
  author = {S. Zhang and L. Girin and A. Liutkus},
  title = {Informed source separation from compressed mixtures using spatial
	{W}iener filter and quantization noise estimation},
  booktitle = {IEEE International Conference on Acoustics, Speech and Signal Processing
	(ICASSP)},
  year = {2013},
  month = {may},
  note = {soumis},
  timestamp = {2012.01.08}
}

@BOOK{ss_review2010,
  title = {Handbook of Blind Source Separation: Independent Component Analysis
	and Blind Deconvolution},
  publisher = {Academic Press},
  year = {2010},
  editor = {P. Comon and C. Jutten},
  owner = {liutkus},
  timestamp = {2010.03.15}
}

@BOOK{ICAOja01,
  title = {Independent Component Analysis},
  publisher = {Wiley and Sons},
  year = {2001},
  editor = {A. Hyv\"arinen and J. Karhunen and E. Oja},
  owner = {antoine},
  timestamp = {2011.05.12}
}

@comment{jabref-meta: selector_publisher:}

@comment{jabref-meta: selector_review:}

@comment{jabref-meta: selector_author:}

@comment{jabref-meta: selector_keywords:}

@comment{jabref-meta: selector_journal:}
