%% This BibTeX bibliography file was created using BibDesk.
%% http://bibdesk.sourceforge.net/


%% Created for Fabian-Robert St√∂ter at 2014-03-27 22:31:37 +0100


%% Saved with string encoding Unicode (UTF-8)



@article{li09,
	Author = {Li, Yipeng and Woodruff, John and Wang, DeLiang},
	Journal = {Audio, Speech, and Language Processing, IEEE Transactions on},
	Number = {7},
	Pages = {1361--1371},
	Publisher = {IEEE},
	Title = {Monaural musical sound separation based on pitch and common amplitude modulation},
	Volume = {17},
	Year = {2009}}

@misc{genesis12,
	Title = {{GENESIS S.A.}: Loudness Toolbox (Version 1.2)},
	Year = {2012}}

@article{vincent12,
	Author = {Vincent, Emmanuel and Araki, Shoko and Theis, Fabian and Nolte, Guido and Bofill, Pau and Sawada, Hiroshi and Ozerov, Alexey and Gowreesunker, Vikrham and Lutter, Dominik and Duong, Ngoc Q. K.},
	Journal = {Signal Processing},
	Number = {8},
	Pages = {1928--1936},
	Publisher = {Elsevier},
	Title = {The signal separation evaluation campaign (2007--2010): Achievements and remaining challenges},
	Volume = {92},
	Year = {2012}}

@article{ozerov12,
	Author = {Ozerov, Alexey and Vincent, Emmanuel and Bimbot, Fr{\'e}d{\'e}ric},
	Journal = {{IEEE} Transactions on Audio, Speech, and Language Processing},
	Number = {4},
	Pages = {1118--1133},
	Publisher = {IEEE},
	Title = {A general flexible framework for the handling of prior information in audio source separation},
	Volume = {20},
	Year = {2012}}

@techreport{ozerov13,
	Author = {Ozerov, Alexey and Duong, Ngoc Q. K. and Chevallier, Louis},
	Title = {Weighted nonnegative tensor factorization: on monotonicity of multiplicative update rules and application to user-guided audio source separation},
	Year = {2013}
}

@inproceedings{ewert12,
	Author = {Ewert, Sebastian and M{\"u}ller, Meinard},
	Booktitle = {Proceedings of the {IEEE} International Conference on Acoustics, Speech, and Signal Processing ({ICASSP})},
	Date-Added = {2014-03-27 10:23:34 +0000},
	Date-Modified = {2014-03-27 10:23:34 +0000},
	Pages = {129--132},
	Title = {Using score-informed constraints for {NMF}-based source separation},
	Year = {2012}}

@inproceedings{backstrom09,
	Author = {B{\"a}ckstr{\"o}m, Tom and Bayer, Stefan and Disch, Sascha},
	Booktitle = {Proceedings of INTERSPEECH},
	Pages = {2595--2598},
	Title = {Pitch variation estimation},
	Year = {2009}}

@inproceedings{smaragdis08,
	Author = {Smaragdis, Paris and Raj, Bhiksha and Shashanka, Madhusudana VS},
	Booktitle = {Proceedings of the {IEEE} International Conference on Acoustics, Speech, and Signal Processing ({ICASSP})},
	Pages = {2069--2072},
	Title = {Sparse and shift-invariant feature extraction from non-negative data.},
	Year = {2008}}

@inproceedings{hennequin10,
	Author = {Hennequin, Romain and Badeau, Roland and David, Bertrand},
	Booktitle = {Proceedings of the International Conference on Digital Audio Effects (DAFx)},
	Pages = {246--253},
	Title = {Time-dependent parametric and harmonic templates in non-negative matrix factorization},
	Year = {2010}}

@article{vincent06,
	Author = {Vincent, Emmanuel and Gribonval, R{\'e}mi and F{\'e}votte, C{\'e}dric},
	Date-Added = {2014-03-21 20:18:56 +0000},
	Date-Modified = {2014-03-21 20:18:56 +0000},
	Journal = {{IEEE} Transactions on Audio, Speech, and Language Processing},
	Number = {4},
	Pages = {1462--1469},
	Publisher = {IEEE},
	Title = {Performance measurement in blind audio source separation},
	Volume = {14},
	Year = {2006}}

@inproceedings{cano13,
	Author = {Cano, Estefan{\'\i}a and Dittmar, Christian and Schuller, Gerald},
	Booktitle = {Proceedings of the 16th Int. Conference on Digital Audio Effects ({DAFx})},
	Date-Added = {2014-03-16 23:47:22 +0000},
	Date-Modified = {2014-03-16 23:48:13 +0000},
	Title = {RE-THINKING SOUND SEPARATION: PRIOR INFORMATION AND ADDITIVITY CONSTRAINT IN SEPARATION ALGORITHMS},
	Year = {2013}}

@inproceedings{sisec13,
	Author = {Ono, Nobutaka and Koldovsky, Zbynek and Miyabe, Shigeki and Ito, Nobutaka},
	Booktitle = {Proceedings of the {IEEE} International Workshop on Machine Learning for Signal Processing ({MLSP})},
	Date-Added = {2014-03-16 21:11:31 +0000},
	Date-Modified = {2014-03-16 21:11:31 +0000},
	Pages = {1--6},
	Title = {The 2013 Signal Separation Evaluation Campaign},
	Year = {2013}}

@article{emiya11,
	Author = {Emiya, Valentin and Vincent, Emmanuel and Harlander, Niklas and Hohmann, Volker},
	Journal = {{IEEE} Transactions on Audio, Speech, and Language Processing},
	Number = {7},
	Pages = {2046--2057},
	Publisher = {IEEE},
	Title = {Subjective and objective quality assessment of audio source separation},
	Volume = {19},
	Year = {2011}}

@article{macleod06,
	Author = {MacLeod, Rebecca Bowman},
	Title = {Influences of dynamic level and pitch height on the vibrato rates and widths of violin and viola players},
	Year = {2006}}

@incollection{nakano10,
	Author = {Nakano, Masahiro and Le Roux, Jonathan and Kameoka, Hirokazu and Kitano, Yu and Ono, Nobutaka and Sagayama, Shigeki},
	Booktitle = {Latent Variable Analysis and Signal Separation},
	Pages = {149--156},
	Publisher = {Springer},
	Title = {Nonnegative matrix factorization with Markov-chained bases for modeling time-varying patterns in music spectrograms},
	Year = {2010}}

@article{hennequin11,
	Author = {Hennequin, Romain and Badeau, Roland and David, Bertrand},
	Journal = {{IEEE} Transactions on Audio, Speech, and Language Processing},
	Number = {4},
	Pages = {744--753},
	Publisher = {IEEE},
	Title = {{NMF} with time--frequency activations to model nonstationary audio events},
	Volume = {19},
	Year = {2011}}

@inproceedings{smaragdis03,
	Author = {Smaragdis, Paris and Brown, Judith C},
	Booktitle = {Proceedings of the {IEEE} Workshop on Applications of Signal Processing to Audio and Acoustics ({WASPAA})},
	Pages = {177--180},
	Title = {Non-negative matrix factorization for polyphonic music transcription},
	Year = {2003}}

@inproceedings{lintimbre13,
	Author = {Lin, Yiju and Chang, Wei-Chen and Wang, Tien-Ming and Su, Alvin WY and Liao, Wei-Hsiang},
	Booktitle = {Proceedings of the 16th International Conference on Digital Audio Effects (DAFx)},
	Pages = {2--6},
	Title = {Timbre-Constrained Recursive Time-Varying Analysis for Musical Note Separation},
	Year = {2013}}

@inproceedings{yoshii13,
	Author = {Yoshii, Kazuyoshi and Tomioka, Ryota and Mochihashi, Daichi and Goto, Masataka},
	Booktitle = {Proceedings of the International Society for Music Information Retrieval Conference ({ISMIR})},
	Title = {Beyond {NMF}: Time-Domain Audio Source Separation without Phase Reconstruction},
	Year = {2013}}

@article{huron89,
	Author = {Huron, D.},
	Date-Added = {2014-03-10 18:06:49 +0000},
	Date-Modified = {2014-03-10 18:06:49 +0000},
	Journal = {Music Perception},
	Pages = {361--382},
	Publisher = {JSTOR},
	Title = {Voice Denumerability in Polyphonic Music of Homogeneous Timbres},
	Year = {1989}}

@article{virtanen07,
	Author = {Virtanen, Tuomas},
	Journal = {{IEEE} Transactions on Audio, Speech, and Language Processing},
	Number = {3},
	Pages = {1066--1074},
	Publisher = {IEEE},
	Title = {Monaural sound source separation by nonnegative matrix factorization with temporal continuity and sparseness criteria},
	Volume = {15},
	Year = {2007}}

@inproceedings{barker13,
	Author = {Barker, Tom and Virtanen, Tuomas},
	Booktitle = {Proceedings of INTERSPEECH},
	Title = {Non-negative tensor factorisation of modulation spectrograms for monaural sound source separation},
	Year = {2013}}

@inproceedings{wang95,
	Author = {Wang, Avery},
	Booktitle = {Proceedings of the {IEEE} Workshop on Applications of Signal Processing to Audio and Acoustics ({ASSP})},
	Pages = {47--50},
	Title = {Instantaneous and frequency-warped techniques for source separation and signal parametrization},
	Year = {1995}}

@inproceedings{edler09,
	Address = {Munich, Germany},
	Author = {Edler, Bernd and Disch, Sascha and Bayer, Stefan and Guillaume, Fuchs and Geiger, Ralf},
	Booktitle = {126th AES Convention},
	Month = may,
	Title = {{A Time-Warped MDCT Approach to Speech Transform Coding}},
	Year = {2009}}

@article{salamon12,
	Author = {Salamon, Justin and G{\'o}mez, Emilia},
	Journal = {{IEEE} Transactions on Audio, Speech, and Language Processing},
	Number = {6},
	Pages = {1759--1770},
	Publisher = {IEEE},
	Title = {Melody extraction from polyphonic music signals using pitch contour characteristics},
	Volume = {20},
	Year = {2012}}
