
@misc{oss_sisecwebsite,
  author = {Fabian-Robert Stöter and Nils Werner},
  title = {SiSEC 2016 --- Interactive Website},
  url={https://github.com/faroit/sisec-mus-website}
}

@misc{oss_countit,
  author       = {Fabian-Robert Stöter},
  title        = {CountIt - An Auditory Experiment to Estimate the Number of Speakers},
  month        = dec,
  year         = 2018,
  doi          = {10.5281/zenodo.1467968},
  url          = {https://doi.org/10.5281/zenodo.1467968}
}

@misc{oss_unison,
  author       = {Fabian-Robert Stöter},
  title        = {Unison Source Separation Dataset},
  month        = sep,
  year         = 2014,
  doi          = {10.5281/zenodo.1467921},
  url          = {https://doi.org/10.5281/zenodo.1467921}
}

@misc{oss_libricount,
  author       = {Fabian-Robert Stöter and
                  Soumitro Chakrabarty and
                  Emanuël Habets and
                  Bernd Edler},
  title        = {LibriCount, a dataset for speaker count estimation},
  month        = apr,
  year         = 2018,
  doi          = {10.5281/zenodo.1216072},
  url          = {https://doi.org/10.5281/zenodo.1216072}
}

@misc{oss_webmushra,
  author       = {Schoeffler, Michael and
                  Bartoschek, Sarah and
                  Stöter, Fabian-Robert and
                  Roess, Marlene and
                  Westphal, Susanne and
                  Edler, Bernd and
                  Herre, Jürgen},
  title        = {webMUSHRA v1.4.0},
  month        = dec,
  year         = 2017,
  doi          = {10.5281/zenodo.1069840},
  url          = {https://doi.org/10.5281/zenodo.1069840}
}
