@article{stoeter19,
  author = {F.-R. Stöter and S Chakrabarty and B. Edler and E.A.P. Habets},
  title = {CountNet: Estimating the Number of Concurrent Speakers Using Supervised Learning},
  journal={IEEE/ACM Transactions on Audio, Speech, and Language Processing (under review)},
  year = {2019},
}

@article{schoeffler18,
	doi = {10.5334/jors.187},
	url = {https://doi.org/10.5334%2Fjors.187},
	year = 2018,
	publisher = {Ubiquity Press, Ltd.},
	volume = {6},
	author = {Michael Schoeffler and Sarah Bartoschek and Fabian-Robert Stöter and Marlene Roess and Susanne Westphal and Bernd Edler and Jürgen Herre},
	title = {{webMUSHRA} {\textemdash} A Comprehensive Framework for Web-based Listening Tests},
	journal = {Journal of Open Research Software}
}

@inproceedings{stoeter18,
  author = {F.-R. Stöter and S Chakrabarty and B. Edler and E.A.P. Habets},
  title = {Classification vs. Regression in Supervised Learning for Single Channel Speaker Count Estimation},
  booktitle = {International Conference on Acoustics, Speech and Signal Processing (ICASSP)},
  year = {2018},
}

@inproceedings{liutkus17,
  Author = {A. Liutkus and F.-R. St{\"o}ter and Z. Rafii and D. Kitamura and B. Rivet and N. Ito and N. Ono and J. Fontecave},
  booktitle = {Latent Variable Analysis and Signal Separation: 13th International Conference, LVA/ICA 2017, Grenoble, France, February 21-23,
  2017, Proceedings},
  Doi = {10.1007/978-3-319-53547-0_31},
  Pages = {323--332},
  Publisher = {Springer International Publishing},
  Title = {The 2016 Signal Separation Evaluation Campaign},
  Year = {2017}
}

@inproceedings{stoeter16,
  author    = {F.-R. St{\"o}ter and A. Liutkus and R. Badeau and B. Edler and P. Magron},
  title     = {Common Fate Model for Unison Source Separation},
  booktitle = {International Conference on Acoustics, Speech and Signal Processing (ICASSP)},
  address   = {Shanghai, China},
  year      = {2016},
}

@inproceedings{stoeter15icassp,
  author = {F.-R. St{\"o}ter and N. Werner and S. Bayer and B. Edler},
  title = {Refining Fundamental Frequency Estimates using Time Warping},
  booktitle = {Proceedings of EUSIPCO 2015},
  year = {2015},
  address = {Nice, France},
  month = sep,
}

@inproceedings{stoeter15acm,
  author = {F.-R. St\"{o}ter  and M. M\"{u}ller and B. Edler},
  title = {Multi-Sensor Cello Recordings for Instantaneous Frequency Estimation},
  booktitle = {Proceedings of the 23rd Annual ACM Conference on Multimedia Conference},
  series = {MM '15},
  year = {2015},
  isbn = {978-1-4503-3459-4},
  location = {Brisbane, Australia},
  pages = {995--998},
  numpages = {4},
  doi = {10.1145/2733373.2806384},
  publisher = {ACM},
  address = {New York, NY, USA},
}


@inproceedings{stoeter14,
  Author = {F.-R. St{\"o}ter and S. Bayer and B. Edler},
  Booktitle = {17th International Conference on Digital Audio Effects (DAFx-14)},
  Title = {Unison Source Separation},
  Year = {2014},
}

@inproceedings{schoeffler13,
  Author = {M. Schoeffler and F.-R. St{\"o}ter and H. Bayerlein and B. Edler and J. Herre},
  Booktitle = {Proceedings of the International Society for Music Information Retrieval Conference ({ISMIR})},
  Editor = {de Souza Britto Jr., Alceu and Gouyon, Fabien and Dixon, Simon},
  Title = {An experiment about estimating the number of instruments in polyphonic music: a comparison between internet and laboratory results},
  Year = {2013},
  pages = {389-394},
}

@inproceedings{stoeter13,
  Author = {F.-R. St{\"o}ter and M. Schoeffler and B. Edler and J. Herre},
  Booktitle = {Proceedings of Meetings on Acoustics},
  Number = {1},
  Title = {Human ability of counting the number of instruments in polyphonic music},
  Volume = {19},
  Year = {2013},
}

@article{rafii,
  author={Z. Rafii and A. Liutkus and F. R. Stöter and S. I. Mimilakis and D. FitzGerald and B. Pardo},
  journal={IEEE/ACM Transactions on Audio, Speech, and Language Processing},
  title={An Overview of Lead and Accompaniment Separation in Music},
  year={2018},
  volume={26},
  number={8},
  pages={1307-1335},
  ISSN={2329-9290},
  month=aug
}
