@inproceedings{schoeffler13,
  Author = {M. Schoeffler and F.-R. St{\"o}ter and H. Bayerlein and B. Edler and J. Herre},
  Booktitle = {Proceedings of the International Society for Music Information Retrieval Conference ({ISMIR})},
  Title = {An experiment about estimating the number of instruments in polyphonic music: a comparison between internet and laboratory results},
  Year = {2013},
  pages = {389-394},
}

@article{rafii,
  author={Z. Rafii and A. Liutkus and F. R. St{\"o}ter and S. I. Mimilakis and D. FitzGerald and B. Pardo},
  journal={IEEE/ACM Transactions on Audio, Speech, and Language Processing},
  title={An Overview of Lead and Accompaniment Separation in Music},
  year={2018},
  volume={26},
  number={8},
  pages={1307-1335},
  month=aug
}

@inproceedings{liutkus17,
  Author = {A. Liutkus and F.-R. St{\"o}ter and Z. Rafii and D. Kitamura and B. Rivet and N. Ito and N. Ono and J. Fontecave},
  booktitle = {Proc. Intl. Conference on Latent Variable Analysis and Signal Separation ({LVA/ICA})},
  Pages = {323--332},
  Title = {The 2016 Signal Separation Evaluation Campaign},
  Year = {2017},
  month = feb
}

@inproceedings{nagel14,
  Author = {F. Nagel and F.-R. St{\"o}ter and N. Degara and S. Balke and D. Worrall},
  Booktitle = {2014 International Conference on Auditory Display},
  Title = {Fast and accurate guidance - response times to navigational sounds},
  Year = {2013}
}

@inproceedings{werner17,
title={trackswitch.js: A Versatile Web-Based Audio Player for Presenting Scientifc
Results},
author={Nils Werner and Stefan Balke and Fabian-Rober Stöter and Meinard Müller and Bernd Edler},
booktitle={3rd web audio conference, London, UK},
year={2017},
}

@article{schoeffler18,
	year = 2018,
	publisher = {Ubiquity Press, Ltd.},
	volume = {6},
	author = {Michael Schoeffler and Sarah Bartoschek and Fabian-Robert St{\"o}ter and Marlene Roess and Susanne Westphal and Bernd Edler and Jürgen Herre},
	title = {{webMUSHRA} {\textemdash} A Comprehensive Framework for Web-based Listening Tests},
	journal = {Journal of Open Research Software}
}

@inproceedings{schoeffler15,
title={Towards the next generation of web-based experiments: a case study assessing basic audio quality following the {ITU-R} recommendation {BS.1534 (MUSHRA)}},
author={Michael Schoeffler  and St{\"o}ter, Fabian-Robert and Bernd Edler and J{\"u}rgen Herre},
booktitle={1st web audio conference, Paris, France},
year={2015},
}

@article{mack18,
  author = {Mack, Wolfgang and Chakrabarty, Soumitro and Stoeter, Fabian-Robert and Braun, Sebastian and Edler, Bernd and Habets, Emanuel},
  title = {Single-Channel Dereverberation Using Direct MMSE Optimization and Bidirectional LSTM Networks},
  booktitle = {Proc. Interspeech Conf.},
  year = {2018},
  month = {September}
}

@InProceedings{stoeter18sisec,
  author="St{\"o}ter, Fabian-Robert and Liutkus, Antoine and Ito, Nobutaka",
  title="The 2018 Signal Separation Evaluation Campaign",
  booktitle={Proc. Intl. Conference on Latent Variable Analysis and Signal Separation ({LVA/ICA})},
  year="2018",
  pages="293--305"
}

@ARTICLE{8588410,
  author={E. {Cano} and D. {FitzGerald} and A. {Liutkus} and M. D. {Plumbley} and F. {Stöter}},
  journal={IEEE Signal Processing Magazine},
  title={Musical Source Separation: An Introduction},
  year={2019},
  volume={36},
  number={1},
  pages={31-40},
  month=jan
}

