%% This BibTeX bibliography file was created using BibDesk.
%% http://bibdesk.sourceforge.net/


%% Created for Fabian-Robert St√∂ter at 2013-07-19 12:48:07 +0200 


%% Saved with string encoding Unicode (UTF-8) 



@inproceedings{lee2010,
	Author = {Lee, Jin Ha},
	Booktitle = {ISMIR},
	Date-Added = {2013-07-19 10:47:43 +0000},
	Date-Modified = {2013-07-19 10:48:06 +0000},
	Pages = {183--188},
	Title = {Crowdsourcing Music Similarity Judgments using Mechanical Turk.},
	Year = {2010}}

@book{Bregman1990,
	Address = {Cambridge},
	Author = {Bregman, Albert S.},
	Publisher = {Bradford Books, MIT Press},
	Title = {{Auditory Scene Analysis: The Perceptual Organization of Sound}},
	Year = {1990}}

@incollection{McAdams1982,
	Address = {New York},
	Author = {McAdams, Stephen},
	Booktitle = {Music, Mind, and Brain: The Neuropsychology of Music},
	Editor = {Clynes, Manfred},
	Pages = {278--298},
	Publisher = {Plenum Press},
	Title = {{Spectral fusion and the creation of auditory images}},
	Year = {1982}}

@article{Bregman1971,
	Author = {Bregman, Albert. S. and Campbell, Jeffrey},
	Issn = {0022-1015},
	Journal = {Journal of experimental psychology},
	Keywords = {Attention,Auditory Perception,Auditory Threshold,Female,Humans,Male,Periodicity,Sound,Tape Recording,Time Factors},
	Month = aug,
	Number = {2},
	Pages = {244--9},
	Pmid = {5567132},
	Title = {{Primary auditory stream segregation and perception of order in rapid sequences of tones.}},
	Volume = {89},
	Year = {1971}}

@article{Reips2002,
	Author = {Reips, Ulf-Dietrich},
	Doi = {10.1027//1618-3169.49.4.243},
	Journal = {Experimental Psychology},
	Keywords = {experiment method,internet research,internet science,internet-based experimenting,methodology,online research,psychological experiment,standards,web experiment},
	Number = {4},
	Pages = {243--256},
	Title = {{Standards for Internet-Based Experimenting}},
	Volume = {49},
	Year = {2002},
	Bdsk-Url-1 = {http://dx.doi.org/10.1027//1618-3169.49.4.243}}

@book{Wang2006,
	Author = {Wang, D. and Brown, G.},
	Publisher = {Wiley-IEEE Press},
	Title = {{Computational auditory scene analysis: Principles, algorithms, and applications}},
	Year = {2006}}

@article{Cambouropoulos2008,
	Author = {Cambouropoulos, Emilios},
	Journal = {Music Perception},
	Number = {1},
	Pages = {75--94},
	Title = {{Voice and stream: Perceptual and computational modeling of voice separation}},
	Volume = {26},
	Year = {2008}}

@article{Huron1989,
	Author = {Huron, David},
	Journal = {Music Perception: An Interdisciplinary Journal},
	Number = {4},
	Pages = {361--382},
	Title = {{Voice Denumerability in Polyphonic Music of Homogeneous Timbres}},
	Volume = {6},
	Year = {1989}}

@conference{Stoter2013,
	Author = {{Fabian-Robert St\"oter and Michael Schoeffler and Bernd Edler and J\"urgen Herre}},
	Doi = {10.1121/1.4799609},
	Eid = {035034},
	Journal = {ICA 2013 Montreal},
	Location = {Montreal, Canada},
	Number = {1},
	Numpages = {9},
	Pages = {035034},
	Publisher = {ASA},
	Title = {Human ability of counting the number of instruments in polyphonic music},
	Url = {http://link.aip.org/link/?PMA/19/035034/1},
	Volume = {19},
	Year = {2013},
	Bdsk-Url-1 = {http://link.aip.org/link/?PMA/19/035034/1},
	Bdsk-Url-2 = {http://dx.doi.org/10.1121/1.4799609}}

@inproceedings{rwc,
	Author = {Goto, M. and Hashiguchi, H. and Nishimura, T. and Oka, R.},
	Booktitle = {Proc. ISMIR},
	Date-Added = {2012-12-17 15:56:49 +0000},
	Date-Modified = {2012-12-17 15:56:49 +0000},
	Pages = {287--288},
	Title = {{RWC} Music Database: Popular, classical, and jazz music databases},
	Year = {2002}}

@misc{EBU2011,
	Address = {Geneva},
	Author = {EBU},
	Number = {August},
	Pages = {1--5},
	Publisher = {EBU},
	Title = {{Loudness normalisation and permitted maximum level of audio signals (EBU Recommendation R 128)}},
	Year = {2011}}

@inproceedings{Eckersley2010,
	Address = {Berlin, Germany},
	Author = {Eckersley, Peter},
	Booktitle = {Privacy Enhancing Technologies Symposium (PETS 2010)},
	Pages = {1--18},
	Title = {{How Unique Is Your Web Browser?}},
	Year = {2010}}

@article{Welch1996,
	Author = {Welch, Norma and Krantz, John H.},
	Doi = {10.3758/BF03204764},
	Issn = {0743-3808},
	Journal = {Behavior Research Methods, Instruments, \& Computers},
	Month = jun,
	Number = {2},
	Pages = {192--196},
	Title = {{The World-Wide Web as a medium for psychoacoustical demonstrations and experiments: Experience and results}},
	Volume = {28},
	Year = {1996},
	Bdsk-Url-1 = {http://dx.doi.org/10.3758/BF03204764}}

@article{Salganik2006,
	Author = {Salganik, Matthew J. and Dodds, Peter Sheridan and Watts, Duncan J.},
	Doi = {10.1126/science.1121066},
	Issn = {1095-9203},
	Journal = {Science (New York, N.Y.)},
	Keywords = {Consumer Satisfaction,Culture,Forecasting,Humans,Internet,Interpersonal Relations,Music,Research Design,Social Behavior,Sociology,Sociology: methods},
	Month = feb,
	Number = {5762},
	Pages = {854--6},
	Pmid = {16469928},
	Title = {{Experimental study of inequality and unpredictability in an artificial cultural market.}},
	Volume = {311},
	Year = {2006},
	Bdsk-Url-1 = {http://dx.doi.org/10.1126/science.1121066}}

@incollection{Reips2012,
	Address = {Washington, US},
	Author = {Reips, Ulf-Dietrich},
	Booktitle = {APA Handbook of Research Methods in Psychology, Vol 2: Research designs: Quantitative, qualitative, neuropsychological, and biological},
	Chapter = {17},
	Doi = {10.1037/XXXXX.XXX},
	Editor = {Cooper, Harris and Camic, Paul M. and Long, Debra L. and Panter, A. T. and Rindskopf, David and Sher, Kenneth J.},
	Pages = {291--310},
	Publisher = {American Psychological Association (APA)},
	Title = {{Using the Internet to Collect Data}},
	Volume = {2},
	Year = {2012},
	Bdsk-Url-1 = {http://dx.doi.org/10.1037/XXXXX.XXX}}

@misc{Christensen2012,
	Author = {Christensen, Rune Haubo B.},
	Pages = {1--31},
	Title = {{Analysis of ordinal data with cumulative link models -- estimation with the R-package ordinal}},
	Year = {2012}}

@article{stevens2012,
	Author = {Stevens, Catherine J.},
	Journal = {Topics in cognitive science},
	Number = {4},
	Pages = {653--667},
	Publisher = {Wiley Online Library},
	Title = {Music Perception and Cognition: A Review of Recent Cross-Cultural Research},
	Volume = {4},
	Year = {2012}}
