%% This BibTeX bibliography file was created using BibDesk.
%% http://bibdesk.sourceforge.net/


%% Created for Fabian-Robert St√∂ter at 2013-01-18 17:41:17 +0100 


%% Saved with string encoding Unicode (UTF-8) 



@article{cambouropoulos2008voice,
	Author = {Cambouropoulos, E.},
	Date-Added = {2013-01-18 16:41:15 +0000},
	Date-Modified = {2013-01-18 16:41:15 +0000},
	Journal = {Music Perception},
	Number = {1},
	Pages = {75--94},
	Publisher = {JSTOR},
	Title = {Voice and stream: Perceptual and computational modeling of voice separation},
	Volume = {26},
	Year = {2008}}

@article{fagerland2009,
	Author = {Fagerland, M.W. and Sandvik, L.},
	Date-Added = {2013-01-07 00:20:21 +0100},
	Date-Modified = {2013-01-07 00:20:32 +0100},
	Journal = {Statistics in Medicine},
	Number = {10},
	Pages = {1487--1497},
	Publisher = {Wiley Online Library},
	Title = {The Wilcoxon--Mann--Whitney test under scrutiny},
	Volume = {28},
	Year = {2009}}

@article{mcadams79,
	Author = {McAdams, S. and Bregman, A.},
	Date-Added = {2012-12-31 17:49:18 +0100},
	Date-Modified = {2012-12-31 17:49:41 +0100},
	Journal = {Computer Music Journal},
	Pages = {26--60},
	Publisher = {JSTOR},
	Title = {Hearing musical streams},
	Year = {1979}}

@inproceedings{jaeger2008,
	Author = {Jaeger, T.F.},
	Date-Added = {2012-12-31 16:49:27 +0100},
	Date-Modified = {2013-01-07 18:21:29 +0000},
	Journal = {Journal of memory and language},
	Number = {4},
	Pages = {434--446},
	Publisher = {Elsevier},
	Title = {Categorical Data Analysis: Away from ANOVAs (transformation or not) and towards logit mixed models},
	Volume = {59},
	Year = {2008}}

@book{agresti2002,
	Author = {Agresti, A.},
	Date-Added = {2012-12-31 16:45:55 +0100},
	Date-Modified = {2012-12-31 17:14:56 +0100},
	Publisher = {Wiley-interscience},
	Title = {Categorical Data Analysis},
	Volume = {359},
	Year = {2002}}

@article{bregman71,
	Author = {Bregman, A.S. and Campbell, J.},
	Date-Added = {2012-12-25 19:11:02 +0100},
	Date-Modified = {2012-12-25 19:12:26 +0100},
	Title = {Primary auditory stream segregation and perception of order in rapid sequences of tones},
	Year = {1971}}

@inbook{wang2006,
	Author = {Wang, D.L. and Brown, G.J.},
	Date-Added = {2012-12-20 14:01:35 +0000},
	Date-Modified = {2012-12-20 14:02:53 +0000},
	Pages = {68-69},
	Publisher = {IEEE Press},
	Title = {Computational Auditory Scene Analysis: Principles, Algorithms, and Applications},
	Year = {2006}}

@inproceedings{kashino1995,
	Author = {Kashino, M. and Hirahara, T.},
	Booktitle = {Proc. ASJ},
	Date-Added = {2012-12-20 14:01:09 +0000},
	Date-Modified = {2012-12-20 14:01:56 +0000},
	Pages = {3--3},
	Title = {How many concurrent talkers can we hear out},
	Year = {1995}}

@inproceedings{rwc,
	Author = {Goto, M. and Hashiguchi, H. and Nishimura, T. and Oka, R.},
	Booktitle = {Proc. ISMIR},
	Date-Added = {2012-12-17 15:56:49 +0000},
	Date-Modified = {2012-12-17 15:56:49 +0000},
	Pages = {287--288},
	Title = {{RWC} Music Database: Popular, classical, and jazz music databases},
	Volume = {2},
	Year = {2002}}

@book{reuter96,
	Author = {Reuter, C.},
	Date-Added = {2012-12-17 13:57:25 +0000},
	Date-Modified = {2012-12-17 14:00:34 +0000},
	Title = {Die auditive Diskrimination von Orchesterinstrumenten},
	Year = {1996}}

@article{huron89,
	Author = {Huron, D.},
	Date-Added = {2012-12-17 13:55:25 +0000},
	Date-Modified = {2012-12-17 13:57:39 +0000},
	Journal = {Music Perception},
	Pages = {361--382},
	Publisher = {JSTOR},
	Title = {Voice Denumerability in Polyphonic Music of Homogeneous Timbres},
	Year = {1989}}
